<?xml version="1.0" encoding="UTF-8"?>
<xbrli:group xmlns:ISO4217="http://www.xbrl.org/2003/iso4217" xmlns:gl-bus="http://www.xbrl.org/taxonomy/int/gl/bus/2003-08-29/" xmlns:gl-cor="http://www.xbrl.org/taxonomy/int/gl/cor/2003-08-29/" xmlns:gl-muc="http://www.xbrl.org/taxonomy/int/gl/muc/2003-08-29/" xmlns:gl-plt="http://www.xbrgl.com/gl-plt/" xmlns:gl-usk="http://www.xbrl.org/taxonomy/int/gl/usk/2003-08-29/" xmlns:link="http://www.xbrl.org/2001/XLink/xbrllinkbase" xmlns:tdb="www.tdb.co.jp" xmlns:xbrli="http://www.xbrl.org/2001/instance" xmlns:xhtml="http://www.w3.org/1999/xhtml" xmlns:xsi="http://www.w3.org/2001/XMLSchema-instance" xmlns:jp-bs="http://www.xbrl-jp.org/taxonomy/jp/fr/common/bs/2003-08-31" xmlns:jp-gcd="http://www.xbrl-jp.org/taxonomy/jp/gcd/2003-08-31" xmlns:jp-pl="http://www.xbrl-jp.org/taxonomy/jp/fr/common/pl/2003-08-31" xmlns:jp-sc="http://www.xbrl-jp.org/taxonomy/jp/fr/common/sc/2003-08-31" xmlns:jp-sr="http://www.xbrl-jp.org/taxonomy/jp/fr/common/sr/2003-08-31" xmlns:jp-ta-bs="http://www.xbrl-jp.org/taxonomy/jp/fr/ta/bs/2003-08-31" xmlns:jp-ta-pl="http://www.xbrl-jp.org/taxonomy/jp/fr/ta/pl/2003-08-31" xmlns:jp-ta-sc="http://www.xbrl-jp.org/taxonomy/jp/fr/ta/sc/2003-08-31" xmlns:jp-ta-sr="http://www.xbrl-jp.org/taxonomy/jp/fr/ta/sr/2003-08-31" xmlns:pca-bs="http://www.pca.co.jp/taxonomy/jp/fr/bs/2003-08-31" xmlns:pca-pl="http://www.pca.co.jp/taxonomy/jp/fr/pl/2003-08-31" xmlns:pca-sr="http://www.pca.co.jp/taxonomy/jp/fr/sr/2003-08-31" xsi:schemaLocation="http://www.xbrlgl.com/gl-plt/ XBRLGL.xsd"><gl-cor:accountingEntries><gl-cor:documentInfo><gl-cor:entriesType nonNumericContext="s1">entries</gl-cor:entriesType><gl-cor:uniqueID nonNumericContext="s1">1552-3565</gl-cor:uniqueID><gl-bus:sourceApplication nonNumericContext="s1">PCA会計９V.2-仕訳ﾃﾞｰﾀの受入</gl-bus:sourceApplication><gl-cor:language nonNumericContext="s1">ISO693:ja</gl-cor:language><gl-cor:creationDate nonNumericContext="s1">2012-12-26T17:38:30</gl-cor:creationDate><gl-bus:creator nonNumericContext="s1">pca</gl-bus:creator></gl-cor:documentInfo><gl-cor:entityInformation><gl-bus:organizationIdentifiers><gl-bus:organizationIdentifier nonNumericContext="s1">0001</gl-bus:organizationIdentifier><gl-bus:organizationDescription nonNumericContext="s1">株式会社PCA商事</gl-bus:organizationDescription></gl-bus:organizationIdentifiers><gl-bus:entityPhoneNumber><gl-bus:phoneNumberDescription nonNumericContext="s1">main</gl-bus:phoneNumberDescription><gl-bus:phoneNumber nonNumericContext="s1">03-1111-1111</gl-bus:phoneNumber></gl-bus:entityPhoneNumber><gl-bus:entityPhoneNumber><gl-bus:phoneNumberDescription nonNumericContext="s1">fax</gl-bus:phoneNumberDescription><gl-bus:phoneNumber nonNumericContext="s1">03-2222-2222</gl-bus:phoneNumber></gl-bus:entityPhoneNumber><gl-bus:organizationAddress><gl-bus:organizationAddressName nonNumericContext="s1">株式会社PCA商事</gl-bus:organizationAddressName><gl-bus:organizationAddressStreet nonNumericContext="s1">東京都千代田区富士見1-2-21</gl-bus:organizationAddressStreet><gl-bus:organizationAddressZipOrPostalCode nonNumericContext="s1">102-8171</gl-bus:organizationAddressZipOrPostalCode><gl-bus:organizationAddressCountry nonNumericContext="s1">Japan</gl-bus:organizationAddressCountry></gl-bus:organizationAddress></gl-cor:entityInformation><gl-cor:entryHeader><gl-cor:enteredDate nonNumericContext="s1">2008-08-19</gl-cor:enteredDate><gl-bus:entryOrigin nonNumericContext="s1">manual entry</gl-bus:entryOrigin><gl-cor:sourceJournalID nonNumericContext="s1">gj</gl-cor:sourceJournalID><gl-bus:sourceJournalDescription nonNumericContext="s1">General Journal</gl-bus:sourceJournalDescription><gl-cor:entryNumber nonNumericContext="s1">81</gl-cor:entryNumber><gl-cor:entryType nonNumericContext="s1">standard</gl-cor:entryType><gl-cor:entryDetail><gl-cor:account><gl-cor:accountMainID nonNumericContext="s1">711</gl-cor:accountMainID><gl-cor:accountMainDescription nonNumericContext="s1">役員報酬</gl-cor:accountMainDescription><gl-cor:accountType nonNumericContext="s1">account</gl-cor:accountType><gl-cor:accountSub><gl-cor:accountSubDescription nonNumericContext="s1">東京</gl-cor:accountSubDescription><gl-cor:accountSubID nonNumericContext="s1">020</gl-cor:accountSubID><gl-cor:accountSubType nonNumericContext="s1">部門</gl-cor:accountSubType></gl-cor:accountSub></gl-cor:account><gl-cor:debitCreditCode nonNumericContext="s1">debit</gl-cor:debitCreditCode><gl-cor:amount numericContext="c1">1720000</gl-cor:amount><gl-muc:amountCurrency nonNumericContext="s1">ISO4217:JPY</gl-muc:amountCurrency><gl-cor:postingDate nonNumericContext="s1">2009-10-25</gl-cor:postingDate><gl-cor:postingStatus nonNumericContext="s1">proposed</gl-cor:postingStatus><gl-cor:xbrlInfo><gl-cor:xbrlTaxonomy nonNumericContext="s1">http://www.xbrl-jp.org/taxonomy/jp/fr/common/pl/2003-08-31</gl-cor:xbrlTaxonomy><gl-cor:xbrlElement nonNumericContext="s1">DirectorsRemuneration</gl-cor:xbrlElement></gl-cor:xbrlInfo><gl-cor:detailComment nonNumericContext="s1">10月給与その他 0001 役員</gl-cor:detailComment></gl-cor:entryDetail><gl-cor:entryDetail><gl-cor:account><gl-cor:accountMainID nonNumericContext="s1">131</gl-cor:accountMainID><gl-cor:accountMainDescription nonNumericContext="s1">普通預金</gl-cor:accountMainDescription><gl-cor:accountType nonNumericContext="s1">account</gl-cor:accountType><gl-cor:accountSub><gl-cor:accountSubDescription nonNumericContext="s1">共通部門</gl-cor:accountSubDescription><gl-cor:accountSubID nonNumericContext="s1">000</gl-cor:accountSubID><gl-cor:accountSubType nonNumericContext="s1">部門</gl-cor:accountSubType></gl-cor:accountSub><gl-cor:accountSub><gl-cor:accountSubDescription nonNumericContext="s1">みずほ　本店</gl-cor:accountSubDescription><gl-cor:accountSubID nonNumericContext="s1">20</gl-cor:accountSubID><gl-cor:accountSubType nonNumericContext="s1">補助科目</gl-cor:accountSubType></gl-cor:accountSub></gl-cor:account><gl-cor:debitCreditCode nonNumericContext="s1">credit</gl-cor:debitCreditCode><gl-cor:amount numericContext="c1">1121255</gl-cor:amount><gl-muc:amountCurrency nonNumericContext="s1">ISO4217:JPY</gl-muc:amountCurrency><gl-cor:postingDate nonNumericContext="s1">2009-10-25</gl-cor:postingDate><gl-cor:postingStatus nonNumericContext="s1">proposed</gl-cor:postingStatus><gl-cor:xbrlInfo><gl-cor:xbrlTaxonomy nonNumericContext="s1">http://www.xbrl-jp.org/taxonomy/jp/fr/ta/bs/2003-08-31</gl-cor:xbrlTaxonomy><gl-cor:xbrlElement nonNumericContext="s1">OrdinaryDeposit</gl-cor:xbrlElement></gl-cor:xbrlInfo><gl-cor:detailComment nonNumericContext="s1">10月給与その他 0001 役員</gl-cor:detailComment></gl-cor:entryDetail><gl-cor:entryDetail><gl-cor:account><gl-cor:accountMainID nonNumericContext="s1">326</gl-cor:accountMainID><gl-cor:accountMainDescription nonNumericContext="s1">預り金</gl-cor:accountMainDescription><gl-cor:accountType nonNumericContext="s1">account</gl-cor:accountType><gl-cor:accountSub><gl-cor:accountSubDescription nonNumericContext="s1">共通部門</gl-cor:accountSubDescription><gl-cor:accountSubID nonNumericContext="s1">000</gl-cor:accountSubID><gl-cor:accountSubType nonNumericContext="s1">部門</gl-cor:accountSubType></gl-cor:accountSub><gl-cor:accountSub><gl-cor:accountSubDescription nonNumericContext="s1">保険料</gl-cor:accountSubDescription><gl-cor:accountSubID nonNumericContext="s1">001</gl-cor:accountSubID><gl-cor:accountSubType nonNumericContext="s1">補助科目</gl-cor:accountSubType></gl-cor:accountSub></gl-cor:account><gl-cor:debitCreditCode nonNumericContext="s1">credit</gl-cor:debitCreditCode><gl-cor:amount numericContext="c1">120411</gl-cor:amount><gl-muc:amountCurrency nonNumericContext="s1">ISO4217:JPY</gl-muc:amountCurrency><gl-cor:postingDate nonNumericContext="s1">2009-10-25</gl-cor:postingDate><gl-cor:postingStatus nonNumericContext="s1">proposed</gl-cor:postingStatus><gl-cor:xbrlInfo><gl-cor:xbrlTaxonomy nonNumericContext="s1">http://www.xbrl-jp.org/taxonomy/jp/fr/ta/bs/2003-08-31</gl-cor:xbrlTaxonomy><gl-cor:xbrlElement nonNumericContext="s1">DepositsReceivedOther</gl-cor:xbrlElement></gl-cor:xbrlInfo><gl-cor:detailComment nonNumericContext="s1">10月給与その他 0001 役員</gl-cor:detailComment></gl-cor:entryDetail><gl-cor:entryDetail><gl-cor:account><gl-cor:accountMainID nonNumericContext="s1">326</gl-cor:accountMainID><gl-cor:accountMainDescription nonNumericContext="s1">預り金</gl-cor:accountMainDescription><gl-cor:accountType nonNumericContext="s1">account</gl-cor:accountType><gl-cor:accountSub><gl-cor:accountSubDescription nonNumericContext="s1">共通部門</gl-cor:accountSubDescription><gl-cor:accountSubID nonNumericContext="s1">000</gl-cor:accountSubID><gl-cor:accountSubType nonNumericContext="s1">部門</gl-cor:accountSubType></gl-cor:accountSub><gl-cor:accountSub><gl-cor:accountSubDescription nonNumericContext="s1">住民税</gl-cor:accountSubDescription><gl-cor:accountSubID nonNumericContext="s1">002</gl-cor:accountSubID><gl-cor:accountSubType nonNumericContext="s1">補助科目</gl-cor:accountSubType></gl-cor:accountSub></gl-cor:account><gl-cor:debitCreditCode nonNumericContext="s1">credit</gl-cor:debitCreditCode><gl-cor:amount numericContext="c1">171200</gl-cor:amount><gl-muc:amountCurrency nonNumericContext="s1">ISO4217:JPY</gl-muc:amountCurrency><gl-cor:postingDate nonNumericContext="s1">2009-10-25</gl-cor:postingDate><gl-cor:postingStatus nonNumericContext="s1">proposed</gl-cor:postingStatus><gl-cor:xbrlInfo><gl-cor:xbrlTaxonomy nonNumericContext="s1">http://www.xbrl-jp.org/taxonomy/jp/fr/ta/bs/2003-08-31</gl-cor:xbrlTaxonomy><gl-cor:xbrlElement nonNumericContext="s1">DepositsReceivedOther</gl-cor:xbrlElement></gl-cor:xbrlInfo><gl-cor:detailComment nonNumericContext="s1">10月給与その他 0001 役員</gl-cor:detailComment></gl-cor:entryDetail><gl-cor:entryDetail><gl-cor:account><gl-cor:accountMainID nonNumericContext="s1">326</gl-cor:accountMainID><gl-cor:accountMainDescription nonNumericContext="s1">預り金</gl-cor:accountMainDescription><gl-cor:accountType nonNumericContext="s1">account</gl-cor:accountType><gl-cor:accountSub><gl-cor:accountSubDescription nonNumericContext="s1">共通部門</gl-cor:accountSubDescription><gl-cor:accountSubID nonNumericContext="s1">000</gl-cor:accountSubID><gl-cor:accountSubType nonNumericContext="s1">部門</gl-cor:accountSubType></gl-cor:accountSub><gl-cor:accountSub><gl-cor:accountSubDescription nonNumericContext="s1">源泉税</gl-cor:accountSubDescription><gl-cor:accountSubID nonNumericContext="s1">003</gl-cor:accountSubID><gl-cor:accountSubType nonNumericContext="s1">補助科目</gl-cor:accountSubType></gl-cor:accountSub></gl-cor:account><gl-cor:debitCreditCode nonNumericContext="s1">credit</gl-cor:debitCreditCode><gl-cor:amount numericContext="c1">164442</gl-cor:amount><gl-muc:amountCurrency nonNumericContext="s1">ISO4217:JPY</gl-muc:amountCurrency><gl-cor:postingDate nonNumericContext="s1">2009-10-25</gl-cor:postingDate><gl-cor:postingStatus nonNumericContext="s1">proposed</gl-cor:postingStatus><gl-cor:xbrlInfo><gl-cor:xbrlTaxonomy nonNumericContext="s1">http://www.xbrl-jp.org/taxonomy/jp/fr/ta/bs/2003-08-31</gl-cor:xbrlTaxonomy><gl-cor:xbrlElement nonNumericContext="s1">DepositsReceivedOther</gl-cor:xbrlElement></gl-cor:xbrlInfo><gl-cor:detailComment nonNumericContext="s1">10月給与その他 0001 役員</gl-cor:detailComment></gl-cor:entryDetail><gl-cor:entryDetail><gl-cor:account><gl-cor:accountMainID nonNumericContext="s1">326</gl-cor:accountMainID><gl-cor:accountMainDescription nonNumericContext="s1">預り金</gl-cor:accountMainDescription><gl-cor:accountType nonNumericContext="s1">account</gl-cor:accountType><gl-cor:accountSub><gl-cor:accountSubDescription nonNumericContext="s1">共通部門</gl-cor:accountSubDescription><gl-cor:accountSubID nonNumericContext="s1">000</gl-cor:accountSubID><gl-cor:accountSubType nonNumericContext="s1">部門</gl-cor:accountSubType></gl-cor:accountSub><gl-cor:accountSub><gl-cor:accountSubDescription nonNumericContext="s1">貯蓄・保険</gl-cor:accountSubDescription><gl-cor:accountSubID nonNumericContext="s1">004</gl-cor:accountSubID><gl-cor:accountSubType nonNumericContext="s1">補助科目</gl-cor:accountSubType></gl-cor:accountSub></gl-cor:account><gl-cor:debitCreditCode nonNumericContext="s1">credit</gl-cor:debitCreditCode><gl-cor:amount numericContext="c1">133972</gl-cor:amount><gl-muc:amountCurrency nonNumericContext="s1">ISO4217:JPY</gl-muc:amountCurrency><gl-cor:postingDate nonNumericContext="s1">2009-10-25</gl-cor:postingDate><gl-cor:postingStatus nonNumericContext="s1">proposed</gl-cor:postingStatus><gl-cor:xbrlInfo><gl-cor:xbrlTaxonomy nonNumericContext="s1">http://www.xbrl-jp.org/taxonomy/jp/fr/ta/bs/2003-08-31</gl-cor:xbrlTaxonomy><gl-cor:xbrlElement nonNumericContext="s1">DepositsReceivedOther</gl-cor:xbrlElement></gl-cor:xbrlInfo><gl-cor:detailComment nonNumericContext="s1">10月給与その他 0001 役員</gl-cor:detailComment></gl-cor:entryDetail><gl-cor:entryDetail><gl-cor:account><gl-cor:accountMainID nonNumericContext="s1">326</gl-cor:accountMainID><gl-cor:accountMainDescription nonNumericContext="s1">預り金</gl-cor:accountMainDescription><gl-cor:accountType nonNumericContext="s1">account</gl-cor:accountType><gl-cor:accountSub><gl-cor:accountSubDescription nonNumericContext="s1">共通部門</gl-cor:accountSubDescription><gl-cor:accountSubID nonNumericContext="s1">000</gl-cor:accountSubID><gl-cor:accountSubType nonNumericContext="s1">部門</gl-cor:accountSubType></gl-cor:accountSub><gl-cor:accountSub><gl-cor:accountSubDescription nonNumericContext="s1">その他</gl-cor:accountSubDescription><gl-cor:accountSubID nonNumericContext="s1">009</gl-cor:accountSubID><gl-cor:accountSubType nonNumericContext="s1">補助科目</gl-cor:accountSubType></gl-cor:accountSub></gl-cor:account><gl-cor:debitCreditCode nonNumericContext="s1">credit</gl-cor:debitCreditCode><gl-cor:amount numericContext="c1">8720</gl-cor:amount><gl-muc:amountCurrency nonNumericContext="s1">ISO4217:JPY</gl-muc:amountCurrency><gl-cor:postingDate nonNumericContext="s1">2009-10-25</gl-cor:postingDate><gl-cor:postingStatus nonNumericContext="s1">proposed</gl-cor:postingStatus><gl-cor:xbrlInfo><gl-cor:xbrlTaxonomy nonNumericContext="s1">http://www.xbrl-jp.org/taxonomy/jp/fr/ta/bs/2003-08-31</gl-cor:xbrlTaxonomy><gl-cor:xbrlElement nonNumericContext="s1">DepositsReceivedOther</gl-cor:xbrlElement></gl-cor:xbrlInfo><gl-cor:detailComment nonNumericContext="s1">10月給与その他 0001 役員</gl-cor:detailComment></gl-cor:entryDetail><gl-cor:entryDetail><gl-cor:account><gl-cor:accountMainID nonNumericContext="s1">712</gl-cor:accountMainID><gl-cor:accountMainDescription nonNumericContext="s1">給与手当</gl-cor:accountMainDescription><gl-cor:accountType nonNumericContext="s1">account</gl-cor:accountType><gl-cor:accountSub><gl-cor:accountSubDescription nonNumericContext="s1">東京</gl-cor:accountSubDescription><gl-cor:accountSubID nonNumericContext="s1">020</gl-cor:accountSubID><gl-cor:accountSubType nonNumericContext="s1">部門</gl-cor:accountSubType></gl-cor:accountSub></gl-cor:account><gl-cor:debitCreditCode nonNumericContext="s1">debit</gl-cor:debitCreditCode><gl-cor:amount numericContext="c1">1950392</gl-cor:amount><gl-muc:amountCurrency nonNumericContext="s1">ISO4217:JPY</gl-muc:amountCurrency><gl-cor:postingDate nonNumericContext="s1">2009-10-25</gl-cor:postingDate><gl-cor:postingStatus nonNumericContext="s1">proposed</gl-cor:postingStatus><gl-cor:xbrlInfo><gl-cor:xbrlTaxonomy nonNumericContext="s1">http://www.xbrl-jp.org/taxonomy/jp/fr/common/pl/2003-08-31</gl-cor:xbrlTaxonomy><gl-cor:xbrlElement nonNumericContext="s1">Payroll</gl-cor:xbrlElement></gl-cor:xbrlInfo><gl-cor:detailComment nonNumericContext="s1">10月給与その他 0020 営業部</gl-cor:detailComment></gl-cor:entryDetail><gl-cor:entryDetail><gl-cor:account><gl-cor:accountMainID nonNumericContext="s1">131</gl-cor:accountMainID><gl-cor:accountMainDescription nonNumericContext="s1">普通預金</gl-cor:accountMainDescription><gl-cor:accountType nonNumericContext="s1">account</gl-cor:accountType><gl-cor:accountSub><gl-cor:accountSubDescription nonNumericContext="s1">共通部門</gl-cor:accountSubDescription><gl-cor:accountSubID nonNumericContext="s1">000</gl-cor:accountSubID><gl-cor:accountSubType nonNumericContext="s1">部門</gl-cor:accountSubType></gl-cor:accountSub><gl-cor:accountSub><gl-cor:accountSubDescription nonNumericContext="s1">みずほ　本店</gl-cor:accountSubDescription><gl-cor:accountSubID nonNumericContext="s1">20</gl-cor:accountSubID><gl-cor:accountSubType nonNumericContext="s1">補助科目</gl-cor:accountSubType></gl-cor:accountSub></gl-cor:account><gl-cor:debitCreditCode nonNumericContext="s1">credit</gl-cor:debitCreditCode><gl-cor:amount numericContext="c1">1467731</gl-cor:amount><gl-muc:amountCurrency nonNumericContext="s1">ISO4217:JPY</gl-muc:amountCurrency><gl-cor:postingDate nonNumericContext="s1">2009-10-25</gl-cor:postingDate><gl-cor:postingStatus nonNumericContext="s1">proposed</gl-cor:postingStatus><gl-cor:xbrlInfo><gl-cor:xbrlTaxonomy nonNumericContext="s1">http://www.xbrl-jp.org/taxonomy/jp/fr/ta/bs/2003-08-31</gl-cor:xbrlTaxonomy><gl-cor:xbrlElement nonNumericContext="s1">OrdinaryDeposit</gl-cor:xbrlElement></gl-cor:xbrlInfo><gl-cor:detailComment nonNumericContext="s1">10月給与その他 0020 営業部</gl-cor:detailComment></gl-cor:entryDetail><gl-cor:entryDetail><gl-cor:account><gl-cor:accountMainID nonNumericContext="s1">326</gl-cor:accountMainID><gl-cor:accountMainDescription nonNumericContext="s1">預り金</gl-cor:accountMainDescription><gl-cor:accountType nonNumericContext="s1">account</gl-cor:accountType><gl-cor:accountSub><gl-cor:accountSubDescription nonNumericContext="s1">共通部門</gl-cor:accountSubDescription><gl-cor:accountSubID nonNumericContext="s1">000</gl-cor:accountSubID><gl-cor:accountSubType nonNumericContext="s1">部門</gl-cor:accountSubType></gl-cor:accountSub><gl-cor:accountSub><gl-cor:accountSubDescription nonNumericContext="s1">保険料</gl-cor:accountSubDescription><gl-cor:accountSubID nonNumericContext="s1">001</gl-cor:accountSubID><gl-cor:accountSubType nonNumericContext="s1">補助科目</gl-cor:accountSubType></gl-cor:accountSub></gl-cor:account><gl-cor:debitCreditCode nonNumericContext="s1">credit</gl-cor:debitCreditCode><gl-cor:amount numericContext="c1">236045</gl-cor:amount><gl-muc:amountCurrency nonNumericContext="s1">ISO4217:JPY</gl-muc:amountCurrency><gl-cor:postingDate nonNumericContext="s1">2009-10-25</gl-cor:postingDate><gl-cor:postingStatus nonNumericContext="s1">proposed</gl-cor:postingStatus><gl-cor:xbrlInfo><gl-cor:xbrlTaxonomy nonNumericContext="s1">http://www.xbrl-jp.org/taxonomy/jp/fr/ta/bs/2003-08-31</gl-cor:xbrlTaxonomy><gl-cor:xbrlElement nonNumericContext="s1">DepositsReceivedOther</gl-cor:xbrlElement></gl-cor:xbrlInfo><gl-cor:detailComment nonNumericContext="s1">10月給与その他 0020 営業部</gl-cor:detailComment></gl-cor:entryDetail><gl-cor:entryDetail><gl-cor:account><gl-cor:accountMainID nonNumericContext="s1">326</gl-cor:accountMainID><gl-cor:accountMainDescription nonNumericContext="s1">預り金</gl-cor:accountMainDescription><gl-cor:accountType nonNumericContext="s1">account</gl-cor:accountType><gl-cor:accountSub><gl-cor:accountSubDescription nonNumericContext="s1">共通部門</gl-cor:accountSubDescription><gl-cor:accountSubID nonNumericContext="s1">000</gl-cor:accountSubID><gl-cor:accountSubType nonNumericContext="s1">部門</gl-cor:accountSubType></gl-cor:accountSub><gl-cor:accountSub><gl-cor:accountSubDescription nonNumericContext="s1">住民税</gl-cor:accountSubDescription><gl-cor:accountSubID nonNumericContext="s1">002</gl-cor:accountSubID><gl-cor:accountSubType nonNumericContext="s1">補助科目</gl-cor:accountSubType></gl-cor:accountSub></gl-cor:account><gl-cor:debitCreditCode nonNumericContext="s1">credit</gl-cor:debitCreditCode><gl-cor:amount numericContext="c1">104300</gl-cor:amount><gl-muc:amountCurrency nonNumericContext="s1">ISO4217:JPY</gl-muc:amountCurrency><gl-cor:postingDate nonNumericContext="s1">2009-10-25</gl-cor:postingDate><gl-cor:postingStatus nonNumericContext="s1">proposed</gl-cor:postingStatus><gl-cor:xbrlInfo><gl-cor:xbrlTaxonomy nonNumericContext="s1">http://www.xbrl-jp.org/taxonomy/jp/fr/ta/bs/2003-08-31</gl-cor:xbrlTaxonomy><gl-cor:xbrlElement nonNumericContext="s1">DepositsReceivedOther</gl-cor:xbrlElement></gl-cor:xbrlInfo><gl-cor:detailComment nonNumericContext="s1">10月給与その他 0020 営業部</gl-cor:detailComment></gl-cor:entryDetail><gl-cor:entryDetail><gl-cor:account><gl-cor:accountMainID nonNumericContext="s1">326</gl-cor:accountMainID><gl-cor:accountMainDescription nonNumericContext="s1">預り金</gl-cor:accountMainDescription><gl-cor:accountType nonNumericContext="s1">account</gl-cor:accountType><gl-cor:accountSub><gl-cor:accountSubDescription nonNumericContext="s1">共通部門</gl-cor:accountSubDescription><gl-cor:accountSubID nonNumericContext="s1">000</gl-cor:accountSubID><gl-cor:accountSubType nonNumericContext="s1">部門</gl-cor:accountSubType></gl-cor:accountSub><gl-cor:accountSub><gl-cor:accountSubDescription nonNumericContext="s1">源泉税</gl-cor:accountSubDescription><gl-cor:accountSubID nonNumericContext="s1">003</gl-cor:accountSubID><gl-cor:accountSubType nonNumericContext="s1">補助科目</gl-cor:accountSubType></gl-cor:accountSub></gl-cor:account><gl-cor:debitCreditCode nonNumericContext="s1">credit</gl-cor:debitCreditCode><gl-cor:amount numericContext="c1">35510</gl-cor:amount><gl-muc:amountCurrency nonNumericContext="s1">ISO4217:JPY</gl-muc:amountCurrency><gl-cor:postingDate nonNumericContext="s1">2009-10-25</gl-cor:postingDate><gl-cor:postingStatus nonNumericContext="s1">proposed</gl-cor:postingStatus><gl-cor:xbrlInfo><gl-cor:xbrlTaxonomy nonNumericContext="s1">http://www.xbrl-jp.org/taxonomy/jp/fr/ta/bs/2003-08-31</gl-cor:xbrlTaxonomy><gl-cor:xbrlElement nonNumericContext="s1">DepositsReceivedOther</gl-cor:xbrlElement></gl-cor:xbrlInfo><gl-cor:detailComment nonNumericContext="s1">10月給与その他 0020 営業部</gl-cor:detailComment></gl-cor:entryDetail><gl-cor:entryDetail><gl-cor:account><gl-cor:accountMainID nonNumericContext="s1">326</gl-cor:accountMainID><gl-cor:accountMainDescription nonNumericContext="s1">預り金</gl-cor:accountMainDescription><gl-cor:accountType nonNumericContext="s1">account</gl-cor:accountType><gl-cor:accountSub><gl-cor:accountSubDescription nonNumericContext="s1">共通部門</gl-cor:accountSubDescription><gl-cor:accountSubID nonNumericContext="s1">000</gl-cor:accountSubID><gl-cor:accountSubType nonNumericContext="s1">部門</gl-cor:accountSubType></gl-cor:accountSub><gl-cor:accountSub><gl-cor:accountSubDescription nonNumericContext="s1">貯蓄・保険</gl-cor:accountSubDescription><gl-cor:accountSubID nonNumericContext="s1">004</gl-cor:accountSubID><gl-cor:accountSubType nonNumericContext="s1">補助科目</gl-cor:accountSubType></gl-cor:accountSub></gl-cor:account><gl-cor:debitCreditCode nonNumericContext="s1">credit</gl-cor:debitCreditCode><gl-cor:amount numericContext="c1">43305</gl-cor:amount><gl-muc:amountCurrency nonNumericContext="s1">ISO4217:JPY</gl-muc:amountCurrency><gl-cor:postingDate nonNumericContext="s1">2009-10-25</gl-cor:postingDate><gl-cor:postingStatus nonNumericContext="s1">proposed</gl-cor:postingStatus><gl-cor:xbrlInfo><gl-cor:xbrlTaxonomy nonNumericContext="s1">http://www.xbrl-jp.org/taxonomy/jp/fr/ta/bs/2003-08-31</gl-cor:xbrlTaxonomy><gl-cor:xbrlElement nonNumericContext="s1">DepositsReceivedOther</gl-cor:xbrlElement></gl-cor:xbrlInfo><gl-cor:detailComment nonNumericContext="s1">10月給与その他 0020 営業部</gl-cor:detailComment></gl-cor:entryDetail><gl-cor:entryDetail><gl-cor:account><gl-cor:accountMainID nonNumericContext="s1">326</gl-cor:accountMainID><gl-cor:accountMainDescription nonNumericContext="s1">預り金</gl-cor:accountMainDescription><gl-cor:accountType nonNumericContext="s1">account</gl-cor:accountType><gl-cor:accountSub><gl-cor:accountSubDescription nonNumericContext="s1">共通部門</gl-cor:accountSubDescription><gl-cor:accountSubID nonNumericContext="s1">000</gl-cor:accountSubID><gl-cor:accountSubType nonNumericContext="s1">部門</gl-cor:accountSubType></gl-cor:accountSub><gl-cor:accountSub><gl-cor:accountSubDescription nonNumericContext="s1">その他</gl-cor:accountSubDescription><gl-cor:accountSubID nonNumericContext="s1">009</gl-cor:accountSubID><gl-cor:accountSubType nonNumericContext="s1">補助科目</gl-cor:accountSubType></gl-cor:accountSub></gl-cor:account><gl-cor:debitCreditCode nonNumericContext="s1">credit</gl-cor:debitCreditCode><gl-cor:amount numericContext="c1">63501</gl-cor:amount><gl-muc:amountCurrency nonNumericContext="s1">ISO4217:JPY</gl-muc:amountCurrency><gl-cor:postingDate nonNumericContext="s1">2009-10-25</gl-cor:postingDate><gl-cor:postingStatus nonNumericContext="s1">proposed</gl-cor:postingStatus><gl-cor:xbrlInfo><gl-cor:xbrlTaxonomy nonNumericContext="s1">http://www.xbrl-jp.org/taxonomy/jp/fr/ta/bs/2003-08-31</gl-cor:xbrlTaxonomy><gl-cor:xbrlElement nonNumericContext="s1">DepositsReceivedOther</gl-cor:xbrlElement></gl-cor:xbrlInfo><gl-cor:detailComment nonNumericContext="s1">10月給与その他 0020 営業部</gl-cor:detailComment></gl-cor:entryDetail><gl-cor:entryDetail><gl-cor:account><gl-cor:accountMainID nonNumericContext="s1">712</gl-cor:accountMainID><gl-cor:accountMainDescription nonNumericContext="s1">給与手当</gl-cor:accountMainDescription><gl-cor:accountType nonNumericContext="s1">account</gl-cor:accountType><gl-cor:accountSub><gl-cor:accountSubDescription nonNumericContext="s1">札幌</gl-cor:accountSubDescription><gl-cor:accountSubID nonNumericContext="s1">010</gl-cor:accountSubID><gl-cor:accountSubType nonNumericContext="s1">部門</gl-cor:accountSubType></gl-cor:accountSub></gl-cor:account><gl-cor:debitCreditCode nonNumericContext="s1">debit</gl-cor:debitCreditCode><gl-cor:amount numericContext="c1">874036</gl-cor:amount><gl-muc:amountCurrency nonNumericContext="s1">ISO4217:JPY</gl-muc:amountCurrency><gl-cor:postingDate nonNumericContext="s1">2009-10-25</gl-cor:postingDate><gl-cor:postingStatus nonNumericContext="s1">proposed</gl-cor:postingStatus><gl-cor:xbrlInfo><gl-cor:xbrlTaxonomy nonNumericContext="s1">http://www.xbrl-jp.org/taxonomy/jp/fr/common/pl/2003-08-31</gl-cor:xbrlTaxonomy><gl-cor:xbrlElement nonNumericContext="s1">Payroll</gl-cor:xbrlElement></gl-cor:xbrlInfo><gl-cor:detailComment nonNumericContext="s1">10月給与その他 1000 札幌営業所</gl-cor:detailComment></gl-cor:entryDetail><gl-cor:entryDetail><gl-cor:account><gl-cor:accountMainID nonNumericContext="s1">131</gl-cor:accountMainID><gl-cor:accountMainDescription nonNumericContext="s1">普通預金</gl-cor:accountMainDescription><gl-cor:accountType nonNumericContext="s1">account</gl-cor:accountType><gl-cor:accountSub><gl-cor:accountSubDescription nonNumericContext="s1">共通部門</gl-cor:accountSubDescription><gl-cor:accountSubID nonNumericContext="s1">000</gl-cor:accountSubID><gl-cor:accountSubType nonNumericContext="s1">部門</gl-cor:accountSubType></gl-cor:accountSub><gl-cor:accountSub><gl-cor:accountSubDescription nonNumericContext="s1">みずほ　本店</gl-cor:accountSubDescription><gl-cor:accountSubID nonNumericContext="s1">20</gl-cor:accountSubID><gl-cor:accountSubType nonNumericContext="s1">補助科目</gl-cor:accountSubType></gl-cor:accountSub></gl-cor:account><gl-cor:debitCreditCode nonNumericContext="s1">credit</gl-cor:debitCreditCode><gl-cor:amount numericContext="c1">623941</gl-cor:amount><gl-muc:amountCurrency nonNumericContext="s1">ISO4217:JPY</gl-muc:amountCurrency><gl-cor:postingDate nonNumericContext="s1">2009-10-25</gl-cor:postingDate><gl-cor:postingStatus nonNumericContext="s1">proposed</gl-cor:postingStatus><gl-cor:xbrlInfo><gl-cor:xbrlTaxonomy nonNumericContext="s1">http://www.xbrl-jp.org/taxonomy/jp/fr/ta/bs/2003-08-31</gl-cor:xbrlTaxonomy><gl-cor:xbrlElement nonNumericContext="s1">OrdinaryDeposit</gl-cor:xbrlElement></gl-cor:xbrlInfo><gl-cor:detailComment nonNumericContext="s1">10月給与その他 1000 札幌営業所</gl-cor:detailComment></gl-cor:entryDetail><gl-cor:entryDetail><gl-cor:account><gl-cor:accountMainID nonNumericContext="s1">326</gl-cor:accountMainID><gl-cor:accountMainDescription nonNumericContext="s1">預り金</gl-cor:accountMainDescription><gl-cor:accountType nonNumericContext="s1">account</gl-cor:accountType><gl-cor:accountSub><gl-cor:accountSubDescription nonNumericContext="s1">共通部門</gl-cor:accountSubDescription><gl-cor:accountSubID nonNumericContext="s1">000</gl-cor:accountSubID><gl-cor:accountSubType nonNumericContext="s1">部門</gl-cor:accountSubType></gl-cor:accountSub><gl-cor:accountSub><gl-cor:accountSubDescription nonNumericContext="s1">保険料</gl-cor:accountSubDescription><gl-cor:accountSubID nonNumericContext="s1">001</gl-cor:accountSubID><gl-cor:accountSubType nonNumericContext="s1">補助科目</gl-cor:accountSubType></gl-cor:accountSub></gl-cor:account><gl-cor:debitCreditCode nonNumericContext="s1">credit</gl-cor:debitCreditCode><gl-cor:amount numericContext="c1">103424</gl-cor:amount><gl-muc:amountCurrency nonNumericContext="s1">ISO4217:JPY</gl-muc:amountCurrency><gl-cor:postingDate nonNumericContext="s1">2009-10-25</gl-cor:postingDate><gl-cor:postingStatus nonNumericContext="s1">proposed</gl-cor:postingStatus><gl-cor:xbrlInfo><gl-cor:xbrlTaxonomy nonNumericContext="s1">http://www.xbrl-jp.org/taxonomy/jp/fr/ta/bs/2003-08-31</gl-cor:xbrlTaxonomy><gl-cor:xbrlElement nonNumericContext="s1">DepositsReceivedOther</gl-cor:xbrlElement></gl-cor:xbrlInfo><gl-cor:detailComment nonNumericContext="s1">10月給与その他 1000 札幌営業所</gl-cor:detailComment></gl-cor:entryDetail><gl-cor:entryDetail><gl-cor:account><gl-cor:accountMainID nonNumericContext="s1">326</gl-cor:accountMainID><gl-cor:accountMainDescription nonNumericContext="s1">預り金</gl-cor:accountMainDescription><gl-cor:accountType nonNumericContext="s1">account</gl-cor:accountType><gl-cor:accountSub><gl-cor:accountSubDescription nonNumericContext="s1">共通部門</gl-cor:accountSubDescription><gl-cor:accountSubID nonNumericContext="s1">000</gl-cor:accountSubID><gl-cor:accountSubType nonNumericContext="s1">部門</gl-cor:accountSubType></gl-cor:accountSub><gl-cor:accountSub><gl-cor:accountSubDescription nonNumericContext="s1">住民税</gl-cor:accountSubDescription><gl-cor:accountSubID nonNumericContext="s1">002</gl-cor:accountSubID><gl-cor:accountSubType nonNumericContext="s1">補助科目</gl-cor:accountSubType></gl-cor:accountSub></gl-cor:account><gl-cor:debitCreditCode nonNumericContext="s1">credit</gl-cor:debitCreditCode><gl-cor:amount numericContext="c1">46300</gl-cor:amount><gl-muc:amountCurrency nonNumericContext="s1">ISO4217:JPY</gl-muc:amountCurrency><gl-cor:postingDate nonNumericContext="s1">2009-10-25</gl-cor:postingDate><gl-cor:postingStatus nonNumericContext="s1">proposed</gl-cor:postingStatus><gl-cor:xbrlInfo><gl-cor:xbrlTaxonomy nonNumericContext="s1">http://www.xbrl-jp.org/taxonomy/jp/fr/ta/bs/2003-08-31</gl-cor:xbrlTaxonomy><gl-cor:xbrlElement nonNumericContext="s1">DepositsReceivedOther</gl-cor:xbrlElement></gl-cor:xbrlInfo><gl-cor:detailComment nonNumericContext="s1">10月給与その他 1000 札幌営業所</gl-cor:detailComment></gl-cor:entryDetail><gl-cor:entryDetail><gl-cor:account><gl-cor:accountMainID nonNumericContext="s1">326</gl-cor:accountMainID><gl-cor:accountMainDescription nonNumericContext="s1">預り金</gl-cor:accountMainDescription><gl-cor:accountType nonNumericContext="s1">account</gl-cor:accountType><gl-cor:accountSub><gl-cor:accountSubDescription nonNumericContext="s1">共通部門</gl-cor:accountSubDescription><gl-cor:accountSubID nonNumericContext="s1">000</gl-cor:accountSubID><gl-cor:accountSubType nonNumericContext="s1">部門</gl-cor:accountSubType></gl-cor:accountSub><gl-cor:accountSub><gl-cor:accountSubDescription nonNumericContext="s1">源泉税</gl-cor:accountSubDescription><gl-cor:accountSubID nonNumericContext="s1">003</gl-cor:accountSubID><gl-cor:accountSubType nonNumericContext="s1">補助科目</gl-cor:accountSubType></gl-cor:accountSub></gl-cor:account><gl-cor:debitCreditCode nonNumericContext="s1">credit</gl-cor:debitCreditCode><gl-cor:amount numericContext="c1">14280</gl-cor:amount><gl-muc:amountCurrency nonNumericContext="s1">ISO4217:JPY</gl-muc:amountCurrency><gl-cor:postingDate nonNumericContext="s1">2009-10-25</gl-cor:postingDate><gl-cor:postingStatus nonNumericContext="s1">proposed</gl-cor:postingStatus><gl-cor:xbrlInfo><gl-cor:xbrlTaxonomy nonNumericContext="s1">http://www.xbrl-jp.org/taxonomy/jp/fr/ta/bs/2003-08-31</gl-cor:xbrlTaxonomy><gl-cor:xbrlElement nonNumericContext="s1">DepositsReceivedOther</gl-cor:xbrlElement></gl-cor:xbrlInfo><gl-cor:detailComment nonNumericContext="s1">10月給与その他 1000 札幌営業所</gl-cor:detailComment></gl-cor:entryDetail><gl-cor:entryDetail><gl-cor:account><gl-cor:accountMainID nonNumericContext="s1">326</gl-cor:accountMainID><gl-cor:accountMainDescription nonNumericContext="s1">預り金</gl-cor:accountMainDescription><gl-cor:accountType nonNumericContext="s1">account</gl-cor:accountType><gl-cor:accountSub><gl-cor:accountSubDescription nonNumericContext="s1">共通部門</gl-cor:accountSubDescription><gl-cor:accountSubID nonNumericContext="s1">000</gl-cor:accountSubID><gl-cor:accountSubType nonNumericContext="s1">部門</gl-cor:accountSubType></gl-cor:accountSub><gl-cor:accountSub><gl-cor:accountSubDescription nonNumericContext="s1">貯蓄・保険</gl-cor:accountSubDescription><gl-cor:accountSubID nonNumericContext="s1">004</gl-cor:accountSubID><gl-cor:accountSubType nonNumericContext="s1">補助科目</gl-cor:accountSubType></gl-cor:accountSub></gl-cor:account><gl-cor:debitCreditCode nonNumericContext="s1">credit</gl-cor:debitCreditCode><gl-cor:amount numericContext="c1">50648</gl-cor:amount><gl-muc:amountCurrency nonNumericContext="s1">ISO4217:JPY</gl-muc:amountCurrency><gl-cor:postingDate nonNumericContext="s1">2009-10-25</gl-cor:postingDate><gl-cor:postingStatus nonNumericContext="s1">proposed</gl-cor:postingStatus><gl-cor:xbrlInfo><gl-cor:xbrlTaxonomy nonNumericContext="s1">http://www.xbrl-jp.org/taxonomy/jp/fr/ta/bs/2003-08-31</gl-cor:xbrlTaxonomy><gl-cor:xbrlElement nonNumericContext="s1">DepositsReceivedOther</gl-cor:xbrlElement></gl-cor:xbrlInfo><gl-cor:detailComment nonNumericContext="s1">10月給与その他 1000 札幌営業所</gl-cor:detailComment></gl-cor:entryDetail><gl-cor:entryDetail><gl-cor:account><gl-cor:accountMainID nonNumericContext="s1">326</gl-cor:accountMainID><gl-cor:accountMainDescription nonNumericContext="s1">預り金</gl-cor:accountMainDescription><gl-cor:accountType nonNumericContext="s1">account</gl-cor:accountType><gl-cor:accountSub><gl-cor:accountSubDescription nonNumericContext="s1">共通部門</gl-cor:accountSubDescription><gl-cor:accountSubID nonNumericContext="s1">000</gl-cor:accountSubID><gl-cor:accountSubType nonNumericContext="s1">部門</gl-cor:accountSubType></gl-cor:accountSub><gl-cor:accountSub><gl-cor:accountSubDescription nonNumericContext="s1">その他</gl-cor:accountSubDescription><gl-cor:accountSubID nonNumericContext="s1">009</gl-cor:accountSubID><gl-cor:accountSubType nonNumericContext="s1">補助科目</gl-cor:accountSubType></gl-cor:accountSub></gl-cor:account><gl-cor:debitCreditCode nonNumericContext="s1">credit</gl-cor:debitCreditCode><gl-cor:amount numericContext="c1">35443</gl-cor:amount><gl-muc:amountCurrency nonNumericContext="s1">ISO4217:JPY</gl-muc:amountCurrency><gl-cor:postingDate nonNumericContext="s1">2009-10-25</gl-cor:postingDate><gl-cor:postingStatus nonNumericContext="s1">proposed</gl-cor:postingStatus><gl-cor:xbrlInfo><gl-cor:xbrlTaxonomy nonNumericContext="s1">http://www.xbrl-jp.org/taxonomy/jp/fr/ta/bs/2003-08-31</gl-cor:xbrlTaxonomy><gl-cor:xbrlElement nonNumericContext="s1">DepositsReceivedOther</gl-cor:xbrlElement></gl-cor:xbrlInfo><gl-cor:detailComment nonNumericContext="s1">10月給与その他 1000 札幌営業所</gl-cor:detailComment></gl-cor:entryDetail><gl-cor:entryDetail><gl-cor:account><gl-cor:accountMainID nonNumericContext="s1">131</gl-cor:accountMainID><gl-cor:accountMainDescription nonNumericContext="s1">普通預金</gl-cor:accountMainDescription><gl-cor:accountType nonNumericContext="s1">account</gl-cor:accountType><gl-cor:accountSub><gl-cor:accountSubDescription nonNumericContext="s1">共通部門</gl-cor:accountSubDescription><gl-cor:accountSubID nonNumericContext="s1">000</gl-cor:accountSubID><gl-cor:accountSubType nonNumericContext="s1">部門</gl-cor:accountSubType></gl-cor:accountSub><gl-cor:accountSub><gl-cor:accountSubDescription nonNumericContext="s1">みずほ　本店</gl-cor:accountSubDescription><gl-cor:accountSubID nonNumericContext="s1">20</gl-cor:accountSubID><gl-cor:accountSubType nonNumericContext="s1">補助科目</gl-cor:accountSubType></gl-cor:accountSub></gl-cor:account><gl-cor:debitCreditCode nonNumericContext="s1">credit</gl-cor:debitCreditCode><gl-cor:amount numericContext="c1">562876</gl-cor:amount><gl-muc:amountCurrency nonNumericContext="s1">ISO4217:JPY</gl-muc:amountCurrency><gl-cor:postingDate nonNumericContext="s1">2009-10-25</gl-cor:postingDate><gl-cor:postingStatus nonNumericContext="s1">proposed</gl-cor:postingStatus><gl-cor:xbrlInfo><gl-cor:xbrlTaxonomy nonNumericContext="s1">http://www.xbrl-jp.org/taxonomy/jp/fr/ta/bs/2003-08-31</gl-cor:xbrlTaxonomy><gl-cor:xbrlElement nonNumericContext="s1">OrdinaryDeposit</gl-cor:xbrlElement></gl-cor:xbrlInfo><gl-cor:detailComment nonNumericContext="s1">10月給与その他 3000 名古屋営業所</gl-cor:detailComment></gl-cor:entryDetail><gl-cor:entryDetail><gl-cor:account><gl-cor:accountMainID nonNumericContext="s1">712</gl-cor:accountMainID><gl-cor:accountMainDescription nonNumericContext="s1">給与手当</gl-cor:accountMainDescription><gl-cor:accountType nonNumericContext="s1">account</gl-cor:accountType><gl-cor:accountSub><gl-cor:accountSubDescription nonNumericContext="s1">名古屋</gl-cor:accountSubDescription><gl-cor:accountSubID nonNumericContext="s1">030</gl-cor:accountSubID><gl-cor:accountSubType nonNumericContext="s1">部門</gl-cor:accountSubType></gl-cor:accountSub></gl-cor:account><gl-cor:debitCreditCode nonNumericContext="s1">debit</gl-cor:debitCreditCode><gl-cor:amount numericContext="c1">787440</gl-cor:amount><gl-muc:amountCurrency nonNumericContext="s1">ISO4217:JPY</gl-muc:amountCurrency><gl-cor:postingDate nonNumericContext="s1">2009-10-25</gl-cor:postingDate><gl-cor:postingStatus nonNumericContext="s1">proposed</gl-cor:postingStatus><gl-cor:xbrlInfo><gl-cor:xbrlTaxonomy nonNumericContext="s1">http://www.xbrl-jp.org/taxonomy/jp/fr/common/pl/2003-08-31</gl-cor:xbrlTaxonomy><gl-cor:xbrlElement nonNumericContext="s1">Payroll</gl-cor:xbrlElement></gl-cor:xbrlInfo><gl-cor:detailComment nonNumericContext="s1">10月給与その他 3000 名古屋営業所</gl-cor:detailComment></gl-cor:entryDetail><gl-cor:entryDetail><gl-cor:account><gl-cor:accountMainID nonNumericContext="s1">326</gl-cor:accountMainID><gl-cor:accountMainDescription nonNumericContext="s1">預り金</gl-cor:accountMainDescription><gl-cor:accountType nonNumericContext="s1">account</gl-cor:accountType><gl-cor:accountSub><gl-cor:accountSubDescription nonNumericContext="s1">共通部門</gl-cor:accountSubDescription><gl-cor:accountSubID nonNumericContext="s1">000</gl-cor:accountSubID><gl-cor:accountSubType nonNumericContext="s1">部門</gl-cor:accountSubType></gl-cor:accountSub><gl-cor:accountSub><gl-cor:accountSubDescription nonNumericContext="s1">保険料</gl-cor:accountSubDescription><gl-cor:accountSubID nonNumericContext="s1">001</gl-cor:accountSubID><gl-cor:accountSubType nonNumericContext="s1">補助科目</gl-cor:accountSubType></gl-cor:accountSub></gl-cor:account><gl-cor:debitCreditCode nonNumericContext="s1">credit</gl-cor:debitCreditCode><gl-cor:amount numericContext="c1">96352</gl-cor:amount><gl-muc:amountCurrency nonNumericContext="s1">ISO4217:JPY</gl-muc:amountCurrency><gl-cor:postingDate nonNumericContext="s1">2009-10-25</gl-cor:postingDate><gl-cor:postingStatus nonNumericContext="s1">proposed</gl-cor:postingStatus><gl-cor:xbrlInfo><gl-cor:xbrlTaxonomy nonNumericContext="s1">http://www.xbrl-jp.org/taxonomy/jp/fr/ta/bs/2003-08-31</gl-cor:xbrlTaxonomy><gl-cor:xbrlElement nonNumericContext="s1">DepositsReceivedOther</gl-cor:xbrlElement></gl-cor:xbrlInfo><gl-cor:detailComment nonNumericContext="s1">10月給与その他 3000 名古屋営業所</gl-cor:detailComment></gl-cor:entryDetail><gl-cor:entryDetail><gl-cor:account><gl-cor:accountMainID nonNumericContext="s1">326</gl-cor:accountMainID><gl-cor:accountMainDescription nonNumericContext="s1">預り金</gl-cor:accountMainDescription><gl-cor:accountType nonNumericContext="s1">account</gl-cor:accountType><gl-cor:accountSub><gl-cor:accountSubDescription nonNumericContext="s1">共通部門</gl-cor:accountSubDescription><gl-cor:accountSubID nonNumericContext="s1">000</gl-cor:accountSubID><gl-cor:accountSubType nonNumericContext="s1">部門</gl-cor:accountSubType></gl-cor:accountSub><gl-cor:accountSub><gl-cor:accountSubDescription nonNumericContext="s1">住民税</gl-cor:accountSubDescription><gl-cor:accountSubID nonNumericContext="s1">002</gl-cor:accountSubID><gl-cor:accountSubType nonNumericContext="s1">補助科目</gl-cor:accountSubType></gl-cor:accountSub></gl-cor:account><gl-cor:debitCreditCode nonNumericContext="s1">credit</gl-cor:debitCreditCode><gl-cor:amount numericContext="c1">42600</gl-cor:amount><gl-muc:amountCurrency nonNumericContext="s1">ISO4217:JPY</gl-muc:amountCurrency><gl-cor:postingDate nonNumericContext="s1">2009-10-25</gl-cor:postingDate><gl-cor:postingStatus nonNumericContext="s1">proposed</gl-cor:postingStatus><gl-cor:xbrlInfo><gl-cor:xbrlTaxonomy nonNumericContext="s1">http://www.xbrl-jp.org/taxonomy/jp/fr/ta/bs/2003-08-31</gl-cor:xbrlTaxonomy><gl-cor:xbrlElement nonNumericContext="s1">DepositsReceivedOther</gl-cor:xbrlElement></gl-cor:xbrlInfo><gl-cor:detailComment nonNumericContext="s1">10月給与その他 3000 名古屋営業所</gl-cor:detailComment></gl-cor:entryDetail><gl-cor:entryDetail><gl-cor:account><gl-cor:accountMainID nonNumericContext="s1">326</gl-cor:accountMainID><gl-cor:accountMainDescription nonNumericContext="s1">預り金</gl-cor:accountMainDescription><gl-cor:accountType nonNumericContext="s1">account</gl-cor:accountType><gl-cor:accountSub><gl-cor:accountSubDescription nonNumericContext="s1">共通部門</gl-cor:accountSubDescription><gl-cor:accountSubID nonNumericContext="s1">000</gl-cor:accountSubID><gl-cor:accountSubType nonNumericContext="s1">部門</gl-cor:accountSubType></gl-cor:accountSub><gl-cor:accountSub><gl-cor:accountSubDescription nonNumericContext="s1">源泉税</gl-cor:accountSubDescription><gl-cor:accountSubID nonNumericContext="s1">003</gl-cor:accountSubID><gl-cor:accountSubType nonNumericContext="s1">補助科目</gl-cor:accountSubType></gl-cor:accountSub></gl-cor:account><gl-cor:debitCreditCode nonNumericContext="s1">credit</gl-cor:debitCreditCode><gl-cor:amount numericContext="c1">8130</gl-cor:amount><gl-muc:amountCurrency nonNumericContext="s1">ISO4217:JPY</gl-muc:amountCurrency><gl-cor:postingDate nonNumericContext="s1">2009-10-25</gl-cor:postingDate><gl-cor:postingStatus nonNumericContext="s1">proposed</gl-cor:postingStatus><gl-cor:xbrlInfo><gl-cor:xbrlTaxonomy nonNumericContext="s1">http://www.xbrl-jp.org/taxonomy/jp/fr/ta/bs/2003-08-31</gl-cor:xbrlTaxonomy><gl-cor:xbrlElement nonNumericContext="s1">DepositsReceivedOther</gl-cor:xbrlElement></gl-cor:xbrlInfo><gl-cor:detailComment nonNumericContext="s1">10月給与その他 3000 名古屋営業所</gl-cor:detailComment></gl-cor:entryDetail><gl-cor:entryDetail><gl-cor:account><gl-cor:accountMainID nonNumericContext="s1">326</gl-cor:accountMainID><gl-cor:accountMainDescription nonNumericContext="s1">預り金</gl-cor:accountMainDescription><gl-cor:accountType nonNumericContext="s1">account</gl-cor:accountType><gl-cor:accountSub><gl-cor:accountSubDescription nonNumericContext="s1">共通部門</gl-cor:accountSubDescription><gl-cor:accountSubID nonNumericContext="s1">000</gl-cor:accountSubID><gl-cor:accountSubType nonNumericContext="s1">部門</gl-cor:accountSubType></gl-cor:accountSub><gl-cor:accountSub><gl-cor:accountSubDescription nonNumericContext="s1">貯蓄・保険</gl-cor:accountSubDescription><gl-cor:accountSubID nonNumericContext="s1">004</gl-cor:accountSubID><gl-cor:accountSubType nonNumericContext="s1">補助科目</gl-cor:accountSubType></gl-cor:accountSub></gl-cor:account><gl-cor:debitCreditCode nonNumericContext="s1">credit</gl-cor:debitCreditCode><gl-cor:amount numericContext="c1">40759</gl-cor:amount><gl-muc:amountCurrency nonNumericContext="s1">ISO4217:JPY</gl-muc:amountCurrency><gl-cor:postingDate nonNumericContext="s1">2009-10-25</gl-cor:postingDate><gl-cor:postingStatus nonNumericContext="s1">proposed</gl-cor:postingStatus><gl-cor:xbrlInfo><gl-cor:xbrlTaxonomy nonNumericContext="s1">http://www.xbrl-jp.org/taxonomy/jp/fr/ta/bs/2003-08-31</gl-cor:xbrlTaxonomy><gl-cor:xbrlElement nonNumericContext="s1">DepositsReceivedOther</gl-cor:xbrlElement></gl-cor:xbrlInfo><gl-cor:detailComment nonNumericContext="s1">10月給与その他 3000 名古屋営業所</gl-cor:detailComment></gl-cor:entryDetail><gl-cor:entryDetail><gl-cor:account><gl-cor:accountMainID nonNumericContext="s1">326</gl-cor:accountMainID><gl-cor:accountMainDescription nonNumericContext="s1">預り金</gl-cor:accountMainDescription><gl-cor:accountType nonNumericContext="s1">account</gl-cor:accountType><gl-cor:accountSub><gl-cor:accountSubDescription nonNumericContext="s1">共通部門</gl-cor:accountSubDescription><gl-cor:accountSubID nonNumericContext="s1">000</gl-cor:accountSubID><gl-cor:accountSubType nonNumericContext="s1">部門</gl-cor:accountSubType></gl-cor:accountSub><gl-cor:accountSub><gl-cor:accountSubDescription nonNumericContext="s1">その他</gl-cor:accountSubDescription><gl-cor:accountSubID nonNumericContext="s1">009</gl-cor:accountSubID><gl-cor:accountSubType nonNumericContext="s1">補助科目</gl-cor:accountSubType></gl-cor:accountSub></gl-cor:account><gl-cor:debitCreditCode nonNumericContext="s1">credit</gl-cor:debitCreditCode><gl-cor:amount numericContext="c1">36723</gl-cor:amount><gl-muc:amountCurrency nonNumericContext="s1">ISO4217:JPY</gl-muc:amountCurrency><gl-cor:postingDate nonNumericContext="s1">2009-10-25</gl-cor:postingDate><gl-cor:postingStatus nonNumericContext="s1">proposed</gl-cor:postingStatus><gl-cor:xbrlInfo><gl-cor:xbrlTaxonomy nonNumericContext="s1">http://www.xbrl-jp.org/taxonomy/jp/fr/ta/bs/2003-08-31</gl-cor:xbrlTaxonomy><gl-cor:xbrlElement nonNumericContext="s1">DepositsReceivedOther</gl-cor:xbrlElement></gl-cor:xbrlInfo><gl-cor:detailComment nonNumericContext="s1">10月給与その他 3000 名古屋営業所</gl-cor:detailComment></gl-cor:entryDetail><gl-cor:entryDetail><gl-cor:account><gl-cor:accountMainID nonNumericContext="s1">712</gl-cor:accountMainID><gl-cor:accountMainDescription nonNumericContext="s1">給与手当</gl-cor:accountMainDescription><gl-cor:accountType nonNumericContext="s1">account</gl-cor:accountType><gl-cor:accountSub><gl-cor:accountSubDescription nonNumericContext="s1">大阪</gl-cor:accountSubDescription><gl-cor:accountSubID nonNumericContext="s1">040</gl-cor:accountSubID><gl-cor:accountSubType nonNumericContext="s1">部門</gl-cor:accountSubType></gl-cor:accountSub></gl-cor:account><gl-cor:debitCreditCode nonNumericContext="s1">debit</gl-cor:debitCreditCode><gl-cor:amount numericContext="c1">1007100</gl-cor:amount><gl-muc:amountCurrency nonNumericContext="s1">ISO4217:JPY</gl-muc:amountCurrency><gl-cor:postingDate nonNumericContext="s1">2009-10-25</gl-cor:postingDate><gl-cor:postingStatus nonNumericContext="s1">proposed</gl-cor:postingStatus><gl-cor:xbrlInfo><gl-cor:xbrlTaxonomy nonNumericContext="s1">http://www.xbrl-jp.org/taxonomy/jp/fr/common/pl/2003-08-31</gl-cor:xbrlTaxonomy><gl-cor:xbrlElement nonNumericContext="s1">Payroll</gl-cor:xbrlElement></gl-cor:xbrlInfo><gl-cor:detailComment nonNumericContext="s1">10月給与その他 4000 大阪支店</gl-cor:detailComment></gl-cor:entryDetail><gl-cor:entryDetail><gl-cor:account><gl-cor:accountMainID nonNumericContext="s1">131</gl-cor:accountMainID><gl-cor:accountMainDescription nonNumericContext="s1">普通預金</gl-cor:accountMainDescription><gl-cor:accountType nonNumericContext="s1">account</gl-cor:accountType><gl-cor:accountSub><gl-cor:accountSubDescription nonNumericContext="s1">共通部門</gl-cor:accountSubDescription><gl-cor:accountSubID nonNumericContext="s1">000</gl-cor:accountSubID><gl-cor:accountSubType nonNumericContext="s1">部門</gl-cor:accountSubType></gl-cor:accountSub><gl-cor:accountSub><gl-cor:accountSubDescription nonNumericContext="s1">みずほ　本店</gl-cor:accountSubDescription><gl-cor:accountSubID nonNumericContext="s1">20</gl-cor:accountSubID><gl-cor:accountSubType nonNumericContext="s1">補助科目</gl-cor:accountSubType></gl-cor:accountSub></gl-cor:account><gl-cor:debitCreditCode nonNumericContext="s1">credit</gl-cor:debitCreditCode><gl-cor:amount numericContext="c1">774703</gl-cor:amount><gl-muc:amountCurrency nonNumericContext="s1">ISO4217:JPY</gl-muc:amountCurrency><gl-cor:postingDate nonNumericContext="s1">2009-10-25</gl-cor:postingDate><gl-cor:postingStatus nonNumericContext="s1">proposed</gl-cor:postingStatus><gl-cor:xbrlInfo><gl-cor:xbrlTaxonomy nonNumericContext="s1">http://www.xbrl-jp.org/taxonomy/jp/fr/ta/bs/2003-08-31</gl-cor:xbrlTaxonomy><gl-cor:xbrlElement nonNumericContext="s1">OrdinaryDeposit</gl-cor:xbrlElement></gl-cor:xbrlInfo><gl-cor:detailComment nonNumericContext="s1">10月給与その他 4000 大阪支店</gl-cor:detailComment></gl-cor:entryDetail><gl-cor:entryDetail><gl-cor:account><gl-cor:accountMainID nonNumericContext="s1">326</gl-cor:accountMainID><gl-cor:accountMainDescription nonNumericContext="s1">預り金</gl-cor:accountMainDescription><gl-cor:accountType nonNumericContext="s1">account</gl-cor:accountType><gl-cor:accountSub><gl-cor:accountSubDescription nonNumericContext="s1">共通部門</gl-cor:accountSubDescription><gl-cor:accountSubID nonNumericContext="s1">000</gl-cor:accountSubID><gl-cor:accountSubType nonNumericContext="s1">部門</gl-cor:accountSubType></gl-cor:accountSub><gl-cor:accountSub><gl-cor:accountSubDescription nonNumericContext="s1">保険料</gl-cor:accountSubDescription><gl-cor:accountSubID nonNumericContext="s1">001</gl-cor:accountSubID><gl-cor:accountSubType nonNumericContext="s1">補助科目</gl-cor:accountSubType></gl-cor:accountSub></gl-cor:account><gl-cor:debitCreditCode nonNumericContext="s1">credit</gl-cor:debitCreditCode><gl-cor:amount numericContext="c1">128755</gl-cor:amount><gl-muc:amountCurrency nonNumericContext="s1">ISO4217:JPY</gl-muc:amountCurrency><gl-cor:postingDate nonNumericContext="s1">2009-10-25</gl-cor:postingDate><gl-cor:postingStatus nonNumericContext="s1">proposed</gl-cor:postingStatus><gl-cor:xbrlInfo><gl-cor:xbrlTaxonomy nonNumericContext="s1">http://www.xbrl-jp.org/taxonomy/jp/fr/ta/bs/2003-08-31</gl-cor:xbrlTaxonomy><gl-cor:xbrlElement nonNumericContext="s1">DepositsReceivedOther</gl-cor:xbrlElement></gl-cor:xbrlInfo><gl-cor:detailComment nonNumericContext="s1">10月給与その他 4000 大阪支店</gl-cor:detailComment></gl-cor:entryDetail><gl-cor:entryDetail><gl-cor:account><gl-cor:accountMainID nonNumericContext="s1">326</gl-cor:accountMainID><gl-cor:accountMainDescription nonNumericContext="s1">預り金</gl-cor:accountMainDescription><gl-cor:accountType nonNumericContext="s1">account</gl-cor:accountType><gl-cor:accountSub><gl-cor:accountSubDescription nonNumericContext="s1">共通部門</gl-cor:accountSubDescription><gl-cor:accountSubID nonNumericContext="s1">000</gl-cor:accountSubID><gl-cor:accountSubType nonNumericContext="s1">部門</gl-cor:accountSubType></gl-cor:accountSub><gl-cor:accountSub><gl-cor:accountSubDescription nonNumericContext="s1">住民税</gl-cor:accountSubDescription><gl-cor:accountSubID nonNumericContext="s1">002</gl-cor:accountSubID><gl-cor:accountSubType nonNumericContext="s1">補助科目</gl-cor:accountSubType></gl-cor:accountSub></gl-cor:account><gl-cor:debitCreditCode nonNumericContext="s1">credit</gl-cor:debitCreditCode><gl-cor:amount numericContext="c1">53400</gl-cor:amount><gl-muc:amountCurrency nonNumericContext="s1">ISO4217:JPY</gl-muc:amountCurrency><gl-cor:postingDate nonNumericContext="s1">2009-10-25</gl-cor:postingDate><gl-cor:postingStatus nonNumericContext="s1">proposed</gl-cor:postingStatus><gl-cor:xbrlInfo><gl-cor:xbrlTaxonomy nonNumericContext="s1">http://www.xbrl-jp.org/taxonomy/jp/fr/ta/bs/2003-08-31</gl-cor:xbrlTaxonomy><gl-cor:xbrlElement nonNumericContext="s1">DepositsReceivedOther</gl-cor:xbrlElement></gl-cor:xbrlInfo><gl-cor:detailComment nonNumericContext="s1">10月給与その他 4000 大阪支店</gl-cor:detailComment></gl-cor:entryDetail><gl-cor:entryDetail><gl-cor:account><gl-cor:accountMainID nonNumericContext="s1">326</gl-cor:accountMainID><gl-cor:accountMainDescription nonNumericContext="s1">預り金</gl-cor:accountMainDescription><gl-cor:accountType nonNumericContext="s1">account</gl-cor:accountType><gl-cor:accountSub><gl-cor:accountSubDescription nonNumericContext="s1">共通部門</gl-cor:accountSubDescription><gl-cor:accountSubID nonNumericContext="s1">000</gl-cor:accountSubID><gl-cor:accountSubType nonNumericContext="s1">部門</gl-cor:accountSubType></gl-cor:accountSub><gl-cor:accountSub><gl-cor:accountSubDescription nonNumericContext="s1">源泉税</gl-cor:accountSubDescription><gl-cor:accountSubID nonNumericContext="s1">003</gl-cor:accountSubID><gl-cor:accountSubType nonNumericContext="s1">補助科目</gl-cor:accountSubType></gl-cor:accountSub></gl-cor:account><gl-cor:debitCreditCode nonNumericContext="s1">credit</gl-cor:debitCreditCode><gl-cor:amount numericContext="c1">17030</gl-cor:amount><gl-muc:amountCurrency nonNumericContext="s1">ISO4217:JPY</gl-muc:amountCurrency><gl-cor:postingDate nonNumericContext="s1">2009-10-25</gl-cor:postingDate><gl-cor:postingStatus nonNumericContext="s1">proposed</gl-cor:postingStatus><gl-cor:xbrlInfo><gl-cor:xbrlTaxonomy nonNumericContext="s1">http://www.xbrl-jp.org/taxonomy/jp/fr/ta/bs/2003-08-31</gl-cor:xbrlTaxonomy><gl-cor:xbrlElement nonNumericContext="s1">DepositsReceivedOther</gl-cor:xbrlElement></gl-cor:xbrlInfo><gl-cor:detailComment nonNumericContext="s1">10月給与その他 4000 大阪支店</gl-cor:detailComment></gl-cor:entryDetail><gl-cor:entryDetail><gl-cor:account><gl-cor:accountMainID nonNumericContext="s1">326</gl-cor:accountMainID><gl-cor:accountMainDescription nonNumericContext="s1">預り金</gl-cor:accountMainDescription><gl-cor:accountType nonNumericContext="s1">account</gl-cor:accountType><gl-cor:accountSub><gl-cor:accountSubDescription nonNumericContext="s1">共通部門</gl-cor:accountSubDescription><gl-cor:accountSubID nonNumericContext="s1">000</gl-cor:accountSubID><gl-cor:accountSubType nonNumericContext="s1">部門</gl-cor:accountSubType></gl-cor:accountSub><gl-cor:accountSub><gl-cor:accountSubDescription nonNumericContext="s1">貯蓄・保険</gl-cor:accountSubDescription><gl-cor:accountSubID nonNumericContext="s1">004</gl-cor:accountSubID><gl-cor:accountSubType nonNumericContext="s1">補助科目</gl-cor:accountSubType></gl-cor:accountSub></gl-cor:account><gl-cor:debitCreditCode nonNumericContext="s1">credit</gl-cor:debitCreditCode><gl-cor:amount numericContext="c1">13570</gl-cor:amount><gl-muc:amountCurrency nonNumericContext="s1">ISO4217:JPY</gl-muc:amountCurrency><gl-cor:postingDate nonNumericContext="s1">2009-10-25</gl-cor:postingDate><gl-cor:postingStatus nonNumericContext="s1">proposed</gl-cor:postingStatus><gl-cor:xbrlInfo><gl-cor:xbrlTaxonomy nonNumericContext="s1">http://www.xbrl-jp.org/taxonomy/jp/fr/ta/bs/2003-08-31</gl-cor:xbrlTaxonomy><gl-cor:xbrlElement nonNumericContext="s1">DepositsReceivedOther</gl-cor:xbrlElement></gl-cor:xbrlInfo><gl-cor:detailComment nonNumericContext="s1">10月給与その他 4000 大阪支店</gl-cor:detailComment></gl-cor:entryDetail><gl-cor:entryDetail><gl-cor:account><gl-cor:accountMainID nonNumericContext="s1">326</gl-cor:accountMainID><gl-cor:accountMainDescription nonNumericContext="s1">預り金</gl-cor:accountMainDescription><gl-cor:accountType nonNumericContext="s1">account</gl-cor:accountType><gl-cor:accountSub><gl-cor:accountSubDescription nonNumericContext="s1">共通部門</gl-cor:accountSubDescription><gl-cor:accountSubID nonNumericContext="s1">000</gl-cor:accountSubID><gl-cor:accountSubType nonNumericContext="s1">部門</gl-cor:accountSubType></gl-cor:accountSub><gl-cor:accountSub><gl-cor:accountSubDescription nonNumericContext="s1">その他</gl-cor:accountSubDescription><gl-cor:accountSubID nonNumericContext="s1">009</gl-cor:accountSubID><gl-cor:accountSubType nonNumericContext="s1">補助科目</gl-cor:accountSubType></gl-cor:accountSub></gl-cor:account><gl-cor:debitCreditCode nonNumericContext="s1">credit</gl-cor:debitCreditCode><gl-cor:amount numericContext="c1">19642</gl-cor:amount><gl-muc:amountCurrency nonNumericContext="s1">ISO4217:JPY</gl-muc:amountCurrency><gl-cor:postingDate nonNumericContext="s1">2009-10-25</gl-cor:postingDate><gl-cor:postingStatus nonNumericContext="s1">proposed</gl-cor:postingStatus><gl-cor:xbrlInfo><gl-cor:xbrlTaxonomy nonNumericContext="s1">http://www.xbrl-jp.org/taxonomy/jp/fr/ta/bs/2003-08-31</gl-cor:xbrlTaxonomy><gl-cor:xbrlElement nonNumericContext="s1">DepositsReceivedOther</gl-cor:xbrlElement></gl-cor:xbrlInfo><gl-cor:detailComment nonNumericContext="s1">10月給与その他 4000 大阪支店</gl-cor:detailComment></gl-cor:entryDetail><gl-cor:entryDetail><gl-cor:account><gl-cor:accountMainID nonNumericContext="s1">712</gl-cor:accountMainID><gl-cor:accountMainDescription nonNumericContext="s1">給与手当</gl-cor:accountMainDescription><gl-cor:accountType nonNumericContext="s1">account</gl-cor:accountType><gl-cor:accountSub><gl-cor:accountSubDescription nonNumericContext="s1">九州</gl-cor:accountSubDescription><gl-cor:accountSubID nonNumericContext="s1">050</gl-cor:accountSubID><gl-cor:accountSubType nonNumericContext="s1">部門</gl-cor:accountSubType></gl-cor:accountSub></gl-cor:account><gl-cor:debitCreditCode nonNumericContext="s1">debit</gl-cor:debitCreditCode><gl-cor:amount numericContext="c1">611505</gl-cor:amount><gl-muc:amountCurrency nonNumericContext="s1">ISO4217:JPY</gl-muc:amountCurrency><gl-cor:postingDate nonNumericContext="s1">2009-10-25</gl-cor:postingDate><gl-cor:postingStatus nonNumericContext="s1">proposed</gl-cor:postingStatus><gl-cor:xbrlInfo><gl-cor:xbrlTaxonomy nonNumericContext="s1">http://www.xbrl-jp.org/taxonomy/jp/fr/common/pl/2003-08-31</gl-cor:xbrlTaxonomy><gl-cor:xbrlElement nonNumericContext="s1">Payroll</gl-cor:xbrlElement></gl-cor:xbrlInfo><gl-cor:detailComment nonNumericContext="s1">10月給与その他 5000 九州営業所</gl-cor:detailComment></gl-cor:entryDetail><gl-cor:entryDetail><gl-cor:account><gl-cor:accountMainID nonNumericContext="s1">131</gl-cor:accountMainID><gl-cor:accountMainDescription nonNumericContext="s1">普通預金</gl-cor:accountMainDescription><gl-cor:accountType nonNumericContext="s1">account</gl-cor:accountType><gl-cor:accountSub><gl-cor:accountSubDescription nonNumericContext="s1">共通部門</gl-cor:accountSubDescription><gl-cor:accountSubID nonNumericContext="s1">000</gl-cor:accountSubID><gl-cor:accountSubType nonNumericContext="s1">部門</gl-cor:accountSubType></gl-cor:accountSub><gl-cor:accountSub><gl-cor:accountSubDescription nonNumericContext="s1">みずほ　本店</gl-cor:accountSubDescription><gl-cor:accountSubID nonNumericContext="s1">20</gl-cor:accountSubID><gl-cor:accountSubType nonNumericContext="s1">補助科目</gl-cor:accountSubType></gl-cor:accountSub></gl-cor:account><gl-cor:debitCreditCode nonNumericContext="s1">credit</gl-cor:debitCreditCode><gl-cor:amount numericContext="c1">467419</gl-cor:amount><gl-muc:amountCurrency nonNumericContext="s1">ISO4217:JPY</gl-muc:amountCurrency><gl-cor:postingDate nonNumericContext="s1">2009-10-25</gl-cor:postingDate><gl-cor:postingStatus nonNumericContext="s1">proposed</gl-cor:postingStatus><gl-cor:xbrlInfo><gl-cor:xbrlTaxonomy nonNumericContext="s1">http://www.xbrl-jp.org/taxonomy/jp/fr/ta/bs/2003-08-31</gl-cor:xbrlTaxonomy><gl-cor:xbrlElement nonNumericContext="s1">OrdinaryDeposit</gl-cor:xbrlElement></gl-cor:xbrlInfo><gl-cor:detailComment nonNumericContext="s1">10月給与その他 5000 九州営業所</gl-cor:detailComment></gl-cor:entryDetail><gl-cor:entryDetail><gl-cor:account><gl-cor:accountMainID nonNumericContext="s1">326</gl-cor:accountMainID><gl-cor:accountMainDescription nonNumericContext="s1">預り金</gl-cor:accountMainDescription><gl-cor:accountType nonNumericContext="s1">account</gl-cor:accountType><gl-cor:accountSub><gl-cor:accountSubDescription nonNumericContext="s1">共通部門</gl-cor:accountSubDescription><gl-cor:accountSubID nonNumericContext="s1">000</gl-cor:accountSubID><gl-cor:accountSubType nonNumericContext="s1">部門</gl-cor:accountSubType></gl-cor:accountSub><gl-cor:accountSub><gl-cor:accountSubDescription nonNumericContext="s1">保険料</gl-cor:accountSubDescription><gl-cor:accountSubID nonNumericContext="s1">001</gl-cor:accountSubID><gl-cor:accountSubType nonNumericContext="s1">補助科目</gl-cor:accountSubType></gl-cor:accountSub></gl-cor:account><gl-cor:debitCreditCode nonNumericContext="s1">credit</gl-cor:debitCreditCode><gl-cor:amount numericContext="c1">67268</gl-cor:amount><gl-muc:amountCurrency nonNumericContext="s1">ISO4217:JPY</gl-muc:amountCurrency><gl-cor:postingDate nonNumericContext="s1">2009-10-25</gl-cor:postingDate><gl-cor:postingStatus nonNumericContext="s1">proposed</gl-cor:postingStatus><gl-cor:xbrlInfo><gl-cor:xbrlTaxonomy nonNumericContext="s1">http://www.xbrl-jp.org/taxonomy/jp/fr/ta/bs/2003-08-31</gl-cor:xbrlTaxonomy><gl-cor:xbrlElement nonNumericContext="s1">DepositsReceivedOther</gl-cor:xbrlElement></gl-cor:xbrlInfo><gl-cor:detailComment nonNumericContext="s1">10月給与その他 5000 九州営業所</gl-cor:detailComment></gl-cor:entryDetail><gl-cor:entryDetail><gl-cor:account><gl-cor:accountMainID nonNumericContext="s1">326</gl-cor:accountMainID><gl-cor:accountMainDescription nonNumericContext="s1">預り金</gl-cor:accountMainDescription><gl-cor:accountType nonNumericContext="s1">account</gl-cor:accountType><gl-cor:accountSub><gl-cor:accountSubDescription nonNumericContext="s1">共通部門</gl-cor:accountSubDescription><gl-cor:accountSubID nonNumericContext="s1">000</gl-cor:accountSubID><gl-cor:accountSubType nonNumericContext="s1">部門</gl-cor:accountSubType></gl-cor:accountSub><gl-cor:accountSub><gl-cor:accountSubDescription nonNumericContext="s1">住民税</gl-cor:accountSubDescription><gl-cor:accountSubID nonNumericContext="s1">002</gl-cor:accountSubID><gl-cor:accountSubType nonNumericContext="s1">補助科目</gl-cor:accountSubType></gl-cor:accountSub></gl-cor:account><gl-cor:debitCreditCode nonNumericContext="s1">credit</gl-cor:debitCreditCode><gl-cor:amount numericContext="c1">31700</gl-cor:amount><gl-muc:amountCurrency nonNumericContext="s1">ISO4217:JPY</gl-muc:amountCurrency><gl-cor:postingDate nonNumericContext="s1">2009-10-25</gl-cor:postingDate><gl-cor:postingStatus nonNumericContext="s1">proposed</gl-cor:postingStatus><gl-cor:xbrlInfo><gl-cor:xbrlTaxonomy nonNumericContext="s1">http://www.xbrl-jp.org/taxonomy/jp/fr/ta/bs/2003-08-31</gl-cor:xbrlTaxonomy><gl-cor:xbrlElement nonNumericContext="s1">DepositsReceivedOther</gl-cor:xbrlElement></gl-cor:xbrlInfo><gl-cor:detailComment nonNumericContext="s1">10月給与その他 5000 九州営業所</gl-cor:detailComment></gl-cor:entryDetail><gl-cor:entryDetail><gl-cor:account><gl-cor:accountMainID nonNumericContext="s1">326</gl-cor:accountMainID><gl-cor:accountMainDescription nonNumericContext="s1">預り金</gl-cor:accountMainDescription><gl-cor:accountType nonNumericContext="s1">account</gl-cor:accountType><gl-cor:accountSub><gl-cor:accountSubDescription nonNumericContext="s1">共通部門</gl-cor:accountSubDescription><gl-cor:accountSubID nonNumericContext="s1">000</gl-cor:accountSubID><gl-cor:accountSubType nonNumericContext="s1">部門</gl-cor:accountSubType></gl-cor:accountSub><gl-cor:accountSub><gl-cor:accountSubDescription nonNumericContext="s1">源泉税</gl-cor:accountSubDescription><gl-cor:accountSubID nonNumericContext="s1">003</gl-cor:accountSubID><gl-cor:accountSubType nonNumericContext="s1">補助科目</gl-cor:accountSubType></gl-cor:accountSub></gl-cor:account><gl-cor:debitCreditCode nonNumericContext="s1">credit</gl-cor:debitCreditCode><gl-cor:amount numericContext="c1">8910</gl-cor:amount><gl-muc:amountCurrency nonNumericContext="s1">ISO4217:JPY</gl-muc:amountCurrency><gl-cor:postingDate nonNumericContext="s1">2009-10-25</gl-cor:postingDate><gl-cor:postingStatus nonNumericContext="s1">proposed</gl-cor:postingStatus><gl-cor:xbrlInfo><gl-cor:xbrlTaxonomy nonNumericContext="s1">http://www.xbrl-jp.org/taxonomy/jp/fr/ta/bs/2003-08-31</gl-cor:xbrlTaxonomy><gl-cor:xbrlElement nonNumericContext="s1">DepositsReceivedOther</gl-cor:xbrlElement></gl-cor:xbrlInfo><gl-cor:detailComment nonNumericContext="s1">10月給与その他 5000 九州営業所</gl-cor:detailComment></gl-cor:entryDetail><gl-cor:entryDetail><gl-cor:account><gl-cor:accountMainID nonNumericContext="s1">326</gl-cor:accountMainID><gl-cor:accountMainDescription nonNumericContext="s1">預り金</gl-cor:accountMainDescription><gl-cor:accountType nonNumericContext="s1">account</gl-cor:accountType><gl-cor:accountSub><gl-cor:accountSubDescription nonNumericContext="s1">共通部門</gl-cor:accountSubDescription><gl-cor:accountSubID nonNumericContext="s1">000</gl-cor:accountSubID><gl-cor:accountSubType nonNumericContext="s1">部門</gl-cor:accountSubType></gl-cor:accountSub><gl-cor:accountSub><gl-cor:accountSubDescription nonNumericContext="s1">貯蓄・保険</gl-cor:accountSubDescription><gl-cor:accountSubID nonNumericContext="s1">004</gl-cor:accountSubID><gl-cor:accountSubType nonNumericContext="s1">補助科目</gl-cor:accountSubType></gl-cor:accountSub></gl-cor:account><gl-cor:debitCreditCode nonNumericContext="s1">credit</gl-cor:debitCreditCode><gl-cor:amount numericContext="c1">18540</gl-cor:amount><gl-muc:amountCurrency nonNumericContext="s1">ISO4217:JPY</gl-muc:amountCurrency><gl-cor:postingDate nonNumericContext="s1">2009-10-25</gl-cor:postingDate><gl-cor:postingStatus nonNumericContext="s1">proposed</gl-cor:postingStatus><gl-cor:xbrlInfo><gl-cor:xbrlTaxonomy nonNumericContext="s1">http://www.xbrl-jp.org/taxonomy/jp/fr/ta/bs/2003-08-31</gl-cor:xbrlTaxonomy><gl-cor:xbrlElement nonNumericContext="s1">DepositsReceivedOther</gl-cor:xbrlElement></gl-cor:xbrlInfo><gl-cor:detailComment nonNumericContext="s1">10月給与その他 5000 九州営業所</gl-cor:detailComment></gl-cor:entryDetail><gl-cor:entryDetail><gl-cor:account><gl-cor:accountMainID nonNumericContext="s1">326</gl-cor:accountMainID><gl-cor:accountMainDescription nonNumericContext="s1">預り金</gl-cor:accountMainDescription><gl-cor:accountType nonNumericContext="s1">account</gl-cor:accountType><gl-cor:accountSub><gl-cor:accountSubDescription nonNumericContext="s1">共通部門</gl-cor:accountSubDescription><gl-cor:accountSubID nonNumericContext="s1">000</gl-cor:accountSubID><gl-cor:accountSubType nonNumericContext="s1">部門</gl-cor:accountSubType></gl-cor:accountSub><gl-cor:accountSub><gl-cor:accountSubDescription nonNumericContext="s1">その他</gl-cor:accountSubDescription><gl-cor:accountSubID nonNumericContext="s1">009</gl-cor:accountSubID><gl-cor:accountSubType nonNumericContext="s1">補助科目</gl-cor:accountSubType></gl-cor:accountSub></gl-cor:account><gl-cor:debitCreditCode nonNumericContext="s1">credit</gl-cor:debitCreditCode><gl-cor:amount numericContext="c1">17668</gl-cor:amount><gl-muc:amountCurrency nonNumericContext="s1">ISO4217:JPY</gl-muc:amountCurrency><gl-cor:postingDate nonNumericContext="s1">2009-10-25</gl-cor:postingDate><gl-cor:postingStatus nonNumericContext="s1">proposed</gl-cor:postingStatus><gl-cor:xbrlInfo><gl-cor:xbrlTaxonomy nonNumericContext="s1">http://www.xbrl-jp.org/taxonomy/jp/fr/ta/bs/2003-08-31</gl-cor:xbrlTaxonomy><gl-cor:xbrlElement nonNumericContext="s1">DepositsReceivedOther</gl-cor:xbrlElement></gl-cor:xbrlInfo><gl-cor:detailComment nonNumericContext="s1">10月給与その他 5000 九州営業所</gl-cor:detailComment></gl-cor:entryDetail></gl-cor:entryHeader></gl-cor:accountingEntries><xbrli:numericContext id="c1" cwa="false" precision="11"><xbrli:entity><xbrli:identifier scheme="">0001</xbrli:identifier></xbrli:entity><xbrli:period/><xbrli:unit><xbrli:measure>ISO4217:JPY</xbrli:measure></xbrli:unit></xbrli:numericContext><xbrli:nonNumericContext id="s1"><xbrli:entity><xbrli:identifier scheme="">0001</xbrli:identifier></xbrli:entity><xbrli:period/></xbrli:nonNumericContext></xbrli:group>
