<?xml version="1.0" encoding="UTF-8"?>
<xbrli:group xmlns:ISO4217="http://www.xbrl.org/2003/iso4217" xmlns:gl-bus="http://www.xbrl.org/taxonomy/int/gl/bus/2003-08-29/" xmlns:gl-cor="http://www.xbrl.org/taxonomy/int/gl/cor/2003-08-29/" xmlns:gl-muc="http://www.xbrl.org/taxonomy/int/gl/muc/2003-08-29/" xmlns:gl-plt="http://www.xbrgl.com/gl-plt/" xmlns:gl-usk="http://www.xbrl.org/taxonomy/int/gl/usk/2003-08-29/" xmlns:link="http://www.xbrl.org/2001/XLink/xbrllinkbase" xmlns:tdb="www.tdb.co.jp" xmlns:xbrli="http://www.xbrl.org/2001/instance" xmlns:xhtml="http://www.w3.org/1999/xhtml" xmlns:xsi="http://www.w3.org/2001/XMLSchema-instance" xmlns:jp-bs="http://www.xbrl-jp.org/taxonomy/jp/fr/common/bs/2003-08-31" xmlns:jp-gcd="http://www.xbrl-jp.org/taxonomy/jp/gcd/2003-08-31" xmlns:jp-pl="http://www.xbrl-jp.org/taxonomy/jp/fr/common/pl/2003-08-31" xmlns:jp-sc="http://www.xbrl-jp.org/taxonomy/jp/fr/common/sc/2003-08-31" xmlns:jp-sr="http://www.xbrl-jp.org/taxonomy/jp/fr/common/sr/2003-08-31" xmlns:jp-ta-bs="http://www.xbrl-jp.org/taxonomy/jp/fr/ta/bs/2003-08-31" xmlns:jp-ta-pl="http://www.xbrl-jp.org/taxonomy/jp/fr/ta/pl/2003-08-31" xmlns:jp-ta-sc="http://www.xbrl-jp.org/taxonomy/jp/fr/ta/sc/2003-08-31" xmlns:jp-ta-sr="http://www.xbrl-jp.org/taxonomy/jp/fr/ta/sr/2003-08-31" xmlns:pca-bs="http://www.pca.co.jp/taxonomy/jp/fr/bs/2003-08-31" xmlns:pca-pl="http://www.pca.co.jp/taxonomy/jp/fr/pl/2003-08-31" xmlns:pca-sr="http://www.pca.co.jp/taxonomy/jp/fr/sr/2003-08-31" xsi:schemaLocation="http://www.xbrlgl.com/gl-plt/ XBRLGL.xsd"><gl-cor:accountingEntries><gl-cor:documentInfo><gl-cor:entriesType nonNumericContext="s1">entries</gl-cor:entriesType><gl-cor:uniqueID nonNumericContext="s1">221-903</gl-cor:uniqueID><gl-bus:sourceApplication nonNumericContext="s1">PCA会計９V.2-仕訳ﾃﾞｰﾀの受入</gl-bus:sourceApplication><gl-cor:language nonNumericContext="s1">ISO693:ja</gl-cor:language><gl-cor:creationDate nonNumericContext="s1">2012-12-26T17:38:03</gl-cor:creationDate><gl-bus:creator nonNumericContext="s1">pca</gl-bus:creator></gl-cor:documentInfo><gl-cor:entityInformation><gl-bus:organizationIdentifiers><gl-bus:organizationIdentifier nonNumericContext="s1">0001</gl-bus:organizationIdentifier><gl-bus:organizationDescription nonNumericContext="s1">株式会社PCA商事</gl-bus:organizationDescription></gl-bus:organizationIdentifiers><gl-bus:entityPhoneNumber><gl-bus:phoneNumberDescription nonNumericContext="s1">main</gl-bus:phoneNumberDescription><gl-bus:phoneNumber nonNumericContext="s1">03-1111-1111</gl-bus:phoneNumber></gl-bus:entityPhoneNumber><gl-bus:entityPhoneNumber><gl-bus:phoneNumberDescription nonNumericContext="s1">fax</gl-bus:phoneNumberDescription><gl-bus:phoneNumber nonNumericContext="s1">03-2222-2222</gl-bus:phoneNumber></gl-bus:entityPhoneNumber><gl-bus:organizationAddress><gl-bus:organizationAddressName nonNumericContext="s1">株式会社PCA商事</gl-bus:organizationAddressName><gl-bus:organizationAddressStreet nonNumericContext="s1">東京都千代田区富士見1-2-21</gl-bus:organizationAddressStreet><gl-bus:organizationAddressZipOrPostalCode nonNumericContext="s1">102-8171</gl-bus:organizationAddressZipOrPostalCode><gl-bus:organizationAddressCountry nonNumericContext="s1">Japan</gl-bus:organizationAddressCountry></gl-bus:organizationAddress></gl-cor:entityInformation><gl-cor:entryHeader><gl-cor:enteredDate nonNumericContext="s1">2008-08-19</gl-cor:enteredDate><gl-bus:entryOrigin nonNumericContext="s1">manual entry</gl-bus:entryOrigin><gl-cor:sourceJournalID nonNumericContext="s1">gj</gl-cor:sourceJournalID><gl-bus:sourceJournalDescription nonNumericContext="s1">General Journal</gl-bus:sourceJournalDescription><gl-cor:entryNumber nonNumericContext="s1">279</gl-cor:entryNumber><gl-cor:entryType nonNumericContext="s1">standard</gl-cor:entryType><gl-cor:entryDetail><gl-cor:account><gl-cor:accountMainID nonNumericContext="s1">152</gl-cor:accountMainID><gl-cor:accountMainDescription nonNumericContext="s1">売掛金</gl-cor:accountMainDescription><gl-cor:accountType nonNumericContext="s1">account</gl-cor:accountType><gl-cor:accountSub><gl-cor:accountSubDescription nonNumericContext="s1">共通部門</gl-cor:accountSubDescription><gl-cor:accountSubID nonNumericContext="s1">000</gl-cor:accountSubID><gl-cor:accountSubType nonNumericContext="s1">部門</gl-cor:accountSubType></gl-cor:accountSub></gl-cor:account><gl-cor:debitCreditCode nonNumericContext="s1">debit</gl-cor:debitCreditCode><gl-cor:amount numericContext="c1">772875</gl-cor:amount><gl-muc:amountCurrency nonNumericContext="s1">ISO4217:JPY</gl-muc:amountCurrency><gl-cor:postingDate nonNumericContext="s1">2009-04-30</gl-cor:postingDate><gl-cor:identifierReference><gl-cor:identifierCode nonNumericContext="s1">003</gl-cor:identifierCode><gl-cor:identifierDescription nonNumericContext="s1">㈱ﾁｪｯｸ</gl-cor:identifierDescription><gl-cor:identifierType nonNumericContext="s1">customer</gl-cor:identifierType></gl-cor:identifierReference><gl-cor:postingStatus nonNumericContext="s1">proposed</gl-cor:postingStatus><gl-cor:xbrlInfo><gl-cor:xbrlTaxonomy nonNumericContext="s1">http://www.xbrl-jp.org/taxonomy/jp/fr/common/bs/2003-08-31</gl-cor:xbrlTaxonomy><gl-cor:xbrlElement nonNumericContext="s1">AccountsReceivableTradeGross</gl-cor:xbrlElement></gl-cor:xbrlInfo><gl-cor:detailComment nonNumericContext="s1">09年4月1日～09年4月30日分売上</gl-cor:detailComment></gl-cor:entryDetail><gl-cor:entryDetail><gl-cor:account><gl-cor:accountMainID nonNumericContext="s1">511</gl-cor:accountMainID><gl-cor:accountMainDescription nonNumericContext="s1">売上高</gl-cor:accountMainDescription><gl-cor:accountType nonNumericContext="s1">account</gl-cor:accountType><gl-cor:accountSub><gl-cor:accountSubDescription nonNumericContext="s1">大阪</gl-cor:accountSubDescription><gl-cor:accountSubID nonNumericContext="s1">040</gl-cor:accountSubID><gl-cor:accountSubType nonNumericContext="s1">部門</gl-cor:accountSubType></gl-cor:accountSub></gl-cor:account><gl-cor:debitCreditCode nonNumericContext="s1">credit</gl-cor:debitCreditCode><gl-cor:amount numericContext="c1">736072</gl-cor:amount><gl-muc:amountCurrency nonNumericContext="s1">ISO4217:JPY</gl-muc:amountCurrency><gl-cor:postingDate nonNumericContext="s1">2009-04-30</gl-cor:postingDate><gl-cor:postingStatus nonNumericContext="s1">proposed</gl-cor:postingStatus><gl-cor:xbrlInfo><gl-cor:xbrlTaxonomy nonNumericContext="s1">http://www.xbrl-jp.org/taxonomy/jp/fr/common/pl/2003-08-31</gl-cor:xbrlTaxonomy><gl-cor:xbrlElement nonNumericContext="s1">MerchandiseSalesGross</gl-cor:xbrlElement></gl-cor:xbrlInfo><gl-cor:detailComment nonNumericContext="s1">09年4月1日～09年4月30日分売上</gl-cor:detailComment></gl-cor:entryDetail><gl-cor:entryDetail><gl-cor:account><gl-cor:accountMainID nonNumericContext="s1">335</gl-cor:accountMainID><gl-cor:accountMainDescription nonNumericContext="s1">仮受消費税等</gl-cor:accountMainDescription><gl-cor:accountType nonNumericContext="s1">account</gl-cor:accountType><gl-cor:accountSub><gl-cor:accountSubDescription nonNumericContext="s1">大阪</gl-cor:accountSubDescription><gl-cor:accountSubID nonNumericContext="s1">040</gl-cor:accountSubID><gl-cor:accountSubType nonNumericContext="s1">部門</gl-cor:accountSubType></gl-cor:accountSub></gl-cor:account><gl-cor:debitCreditCode nonNumericContext="s1">credit</gl-cor:debitCreditCode><gl-cor:amount numericContext="c1">36803</gl-cor:amount><gl-muc:amountCurrency nonNumericContext="s1">ISO4217:JPY</gl-muc:amountCurrency><gl-cor:postingDate nonNumericContext="s1">2009-04-30</gl-cor:postingDate><gl-cor:postingStatus nonNumericContext="s1">tax</gl-cor:postingStatus><gl-cor:xbrlInfo><gl-cor:xbrlTaxonomy nonNumericContext="s1">http://www.xbrl-jp.org/taxonomy/jp/fr/ta/bs/2003-08-31</gl-cor:xbrlTaxonomy><gl-cor:xbrlElement nonNumericContext="s1">SuspenseReceiptConsumptionTaxes</gl-cor:xbrlElement></gl-cor:xbrlInfo></gl-cor:entryDetail><gl-cor:entryDetail><gl-cor:account><gl-cor:accountMainID nonNumericContext="s1">152</gl-cor:accountMainID><gl-cor:accountMainDescription nonNumericContext="s1">売掛金</gl-cor:accountMainDescription><gl-cor:accountType nonNumericContext="s1">account</gl-cor:accountType><gl-cor:accountSub><gl-cor:accountSubDescription nonNumericContext="s1">共通部門</gl-cor:accountSubDescription><gl-cor:accountSubID nonNumericContext="s1">000</gl-cor:accountSubID><gl-cor:accountSubType nonNumericContext="s1">部門</gl-cor:accountSubType></gl-cor:accountSub></gl-cor:account><gl-cor:debitCreditCode nonNumericContext="s1">debit</gl-cor:debitCreditCode><gl-cor:amount numericContext="c1">1260806</gl-cor:amount><gl-muc:amountCurrency nonNumericContext="s1">ISO4217:JPY</gl-muc:amountCurrency><gl-cor:postingDate nonNumericContext="s1">2009-04-30</gl-cor:postingDate><gl-cor:identifierReference><gl-cor:identifierCode nonNumericContext="s1">004</gl-cor:identifierCode><gl-cor:identifierDescription nonNumericContext="s1">ﾏｰｸﾏｰｹｯﾄ</gl-cor:identifierDescription><gl-cor:identifierType nonNumericContext="s1">customer</gl-cor:identifierType></gl-cor:identifierReference><gl-cor:postingStatus nonNumericContext="s1">proposed</gl-cor:postingStatus><gl-cor:xbrlInfo><gl-cor:xbrlTaxonomy nonNumericContext="s1">http://www.xbrl-jp.org/taxonomy/jp/fr/common/bs/2003-08-31</gl-cor:xbrlTaxonomy><gl-cor:xbrlElement nonNumericContext="s1">AccountsReceivableTradeGross</gl-cor:xbrlElement></gl-cor:xbrlInfo><gl-cor:detailComment nonNumericContext="s1">09年4月1日～09年4月30日分売上</gl-cor:detailComment></gl-cor:entryDetail><gl-cor:entryDetail><gl-cor:account><gl-cor:accountMainID nonNumericContext="s1">511</gl-cor:accountMainID><gl-cor:accountMainDescription nonNumericContext="s1">売上高</gl-cor:accountMainDescription><gl-cor:accountType nonNumericContext="s1">account</gl-cor:accountType><gl-cor:accountSub><gl-cor:accountSubDescription nonNumericContext="s1">大阪</gl-cor:accountSubDescription><gl-cor:accountSubID nonNumericContext="s1">040</gl-cor:accountSubID><gl-cor:accountSubType nonNumericContext="s1">部門</gl-cor:accountSubType></gl-cor:accountSub></gl-cor:account><gl-cor:debitCreditCode nonNumericContext="s1">credit</gl-cor:debitCreditCode><gl-cor:amount numericContext="c1">1200768</gl-cor:amount><gl-muc:amountCurrency nonNumericContext="s1">ISO4217:JPY</gl-muc:amountCurrency><gl-cor:postingDate nonNumericContext="s1">2009-04-30</gl-cor:postingDate><gl-cor:postingStatus nonNumericContext="s1">proposed</gl-cor:postingStatus><gl-cor:xbrlInfo><gl-cor:xbrlTaxonomy nonNumericContext="s1">http://www.xbrl-jp.org/taxonomy/jp/fr/common/pl/2003-08-31</gl-cor:xbrlTaxonomy><gl-cor:xbrlElement nonNumericContext="s1">MerchandiseSalesGross</gl-cor:xbrlElement></gl-cor:xbrlInfo><gl-cor:detailComment nonNumericContext="s1">09年4月1日～09年4月30日分売上</gl-cor:detailComment></gl-cor:entryDetail><gl-cor:entryDetail><gl-cor:account><gl-cor:accountMainID nonNumericContext="s1">335</gl-cor:accountMainID><gl-cor:accountMainDescription nonNumericContext="s1">仮受消費税等</gl-cor:accountMainDescription><gl-cor:accountType nonNumericContext="s1">account</gl-cor:accountType><gl-cor:accountSub><gl-cor:accountSubDescription nonNumericContext="s1">大阪</gl-cor:accountSubDescription><gl-cor:accountSubID nonNumericContext="s1">040</gl-cor:accountSubID><gl-cor:accountSubType nonNumericContext="s1">部門</gl-cor:accountSubType></gl-cor:accountSub></gl-cor:account><gl-cor:debitCreditCode nonNumericContext="s1">credit</gl-cor:debitCreditCode><gl-cor:amount numericContext="c1">60038</gl-cor:amount><gl-muc:amountCurrency nonNumericContext="s1">ISO4217:JPY</gl-muc:amountCurrency><gl-cor:postingDate nonNumericContext="s1">2009-04-30</gl-cor:postingDate><gl-cor:postingStatus nonNumericContext="s1">tax</gl-cor:postingStatus><gl-cor:xbrlInfo><gl-cor:xbrlTaxonomy nonNumericContext="s1">http://www.xbrl-jp.org/taxonomy/jp/fr/ta/bs/2003-08-31</gl-cor:xbrlTaxonomy><gl-cor:xbrlElement nonNumericContext="s1">SuspenseReceiptConsumptionTaxes</gl-cor:xbrlElement></gl-cor:xbrlInfo></gl-cor:entryDetail><gl-cor:entryDetail><gl-cor:account><gl-cor:accountMainID nonNumericContext="s1">152</gl-cor:accountMainID><gl-cor:accountMainDescription nonNumericContext="s1">売掛金</gl-cor:accountMainDescription><gl-cor:accountType nonNumericContext="s1">account</gl-cor:accountType><gl-cor:accountSub><gl-cor:accountSubDescription nonNumericContext="s1">共通部門</gl-cor:accountSubDescription><gl-cor:accountSubID nonNumericContext="s1">000</gl-cor:accountSubID><gl-cor:accountSubType nonNumericContext="s1">部門</gl-cor:accountSubType></gl-cor:accountSub></gl-cor:account><gl-cor:debitCreditCode nonNumericContext="s1">debit</gl-cor:debitCreditCode><gl-cor:amount numericContext="c1">990057</gl-cor:amount><gl-muc:amountCurrency nonNumericContext="s1">ISO4217:JPY</gl-muc:amountCurrency><gl-cor:postingDate nonNumericContext="s1">2009-04-30</gl-cor:postingDate><gl-cor:identifierReference><gl-cor:identifierCode nonNumericContext="s1">008</gl-cor:identifierCode><gl-cor:identifierDescription nonNumericContext="s1">ﾀﾜｰ㈱</gl-cor:identifierDescription><gl-cor:identifierType nonNumericContext="s1">customer</gl-cor:identifierType></gl-cor:identifierReference><gl-cor:postingStatus nonNumericContext="s1">proposed</gl-cor:postingStatus><gl-cor:xbrlInfo><gl-cor:xbrlTaxonomy nonNumericContext="s1">http://www.xbrl-jp.org/taxonomy/jp/fr/common/bs/2003-08-31</gl-cor:xbrlTaxonomy><gl-cor:xbrlElement nonNumericContext="s1">AccountsReceivableTradeGross</gl-cor:xbrlElement></gl-cor:xbrlInfo><gl-cor:detailComment nonNumericContext="s1">09年4月1日～09年4月30日分売上</gl-cor:detailComment></gl-cor:entryDetail><gl-cor:entryDetail><gl-cor:account><gl-cor:accountMainID nonNumericContext="s1">511</gl-cor:accountMainID><gl-cor:accountMainDescription nonNumericContext="s1">売上高</gl-cor:accountMainDescription><gl-cor:accountType nonNumericContext="s1">account</gl-cor:accountType><gl-cor:accountSub><gl-cor:accountSubDescription nonNumericContext="s1">大阪</gl-cor:accountSubDescription><gl-cor:accountSubID nonNumericContext="s1">040</gl-cor:accountSubID><gl-cor:accountSubType nonNumericContext="s1">部門</gl-cor:accountSubType></gl-cor:accountSub></gl-cor:account><gl-cor:debitCreditCode nonNumericContext="s1">credit</gl-cor:debitCreditCode><gl-cor:amount numericContext="c1">942912</gl-cor:amount><gl-muc:amountCurrency nonNumericContext="s1">ISO4217:JPY</gl-muc:amountCurrency><gl-cor:postingDate nonNumericContext="s1">2009-04-30</gl-cor:postingDate><gl-cor:postingStatus nonNumericContext="s1">proposed</gl-cor:postingStatus><gl-cor:xbrlInfo><gl-cor:xbrlTaxonomy nonNumericContext="s1">http://www.xbrl-jp.org/taxonomy/jp/fr/common/pl/2003-08-31</gl-cor:xbrlTaxonomy><gl-cor:xbrlElement nonNumericContext="s1">MerchandiseSalesGross</gl-cor:xbrlElement></gl-cor:xbrlInfo><gl-cor:detailComment nonNumericContext="s1">09年4月1日～09年4月30日分売上</gl-cor:detailComment></gl-cor:entryDetail><gl-cor:entryDetail><gl-cor:account><gl-cor:accountMainID nonNumericContext="s1">335</gl-cor:accountMainID><gl-cor:accountMainDescription nonNumericContext="s1">仮受消費税等</gl-cor:accountMainDescription><gl-cor:accountType nonNumericContext="s1">account</gl-cor:accountType><gl-cor:accountSub><gl-cor:accountSubDescription nonNumericContext="s1">大阪</gl-cor:accountSubDescription><gl-cor:accountSubID nonNumericContext="s1">040</gl-cor:accountSubID><gl-cor:accountSubType nonNumericContext="s1">部門</gl-cor:accountSubType></gl-cor:accountSub></gl-cor:account><gl-cor:debitCreditCode nonNumericContext="s1">credit</gl-cor:debitCreditCode><gl-cor:amount numericContext="c1">47145</gl-cor:amount><gl-muc:amountCurrency nonNumericContext="s1">ISO4217:JPY</gl-muc:amountCurrency><gl-cor:postingDate nonNumericContext="s1">2009-04-30</gl-cor:postingDate><gl-cor:postingStatus nonNumericContext="s1">tax</gl-cor:postingStatus><gl-cor:xbrlInfo><gl-cor:xbrlTaxonomy nonNumericContext="s1">http://www.xbrl-jp.org/taxonomy/jp/fr/ta/bs/2003-08-31</gl-cor:xbrlTaxonomy><gl-cor:xbrlElement nonNumericContext="s1">SuspenseReceiptConsumptionTaxes</gl-cor:xbrlElement></gl-cor:xbrlInfo></gl-cor:entryDetail><gl-cor:entryDetail><gl-cor:account><gl-cor:accountMainID nonNumericContext="s1">152</gl-cor:accountMainID><gl-cor:accountMainDescription nonNumericContext="s1">売掛金</gl-cor:accountMainDescription><gl-cor:accountType nonNumericContext="s1">account</gl-cor:accountType><gl-cor:accountSub><gl-cor:accountSubDescription nonNumericContext="s1">共通部門</gl-cor:accountSubDescription><gl-cor:accountSubID nonNumericContext="s1">000</gl-cor:accountSubID><gl-cor:accountSubType nonNumericContext="s1">部門</gl-cor:accountSubType></gl-cor:accountSub></gl-cor:account><gl-cor:debitCreditCode nonNumericContext="s1">debit</gl-cor:debitCreditCode><gl-cor:amount numericContext="c1">1262654</gl-cor:amount><gl-muc:amountCurrency nonNumericContext="s1">ISO4217:JPY</gl-muc:amountCurrency><gl-cor:postingDate nonNumericContext="s1">2009-04-30</gl-cor:postingDate><gl-cor:identifierReference><gl-cor:identifierCode nonNumericContext="s1">009</gl-cor:identifierCode><gl-cor:identifierDescription nonNumericContext="s1">高橋物産㈱</gl-cor:identifierDescription><gl-cor:identifierType nonNumericContext="s1">customer</gl-cor:identifierType></gl-cor:identifierReference><gl-cor:postingStatus nonNumericContext="s1">proposed</gl-cor:postingStatus><gl-cor:xbrlInfo><gl-cor:xbrlTaxonomy nonNumericContext="s1">http://www.xbrl-jp.org/taxonomy/jp/fr/common/bs/2003-08-31</gl-cor:xbrlTaxonomy><gl-cor:xbrlElement nonNumericContext="s1">AccountsReceivableTradeGross</gl-cor:xbrlElement></gl-cor:xbrlInfo><gl-cor:detailComment nonNumericContext="s1">09年4月1日～09年4月30日分売上</gl-cor:detailComment></gl-cor:entryDetail><gl-cor:entryDetail><gl-cor:account><gl-cor:accountMainID nonNumericContext="s1">511</gl-cor:accountMainID><gl-cor:accountMainDescription nonNumericContext="s1">売上高</gl-cor:accountMainDescription><gl-cor:accountType nonNumericContext="s1">account</gl-cor:accountType><gl-cor:accountSub><gl-cor:accountSubDescription nonNumericContext="s1">大阪</gl-cor:accountSubDescription><gl-cor:accountSubID nonNumericContext="s1">040</gl-cor:accountSubID><gl-cor:accountSubType nonNumericContext="s1">部門</gl-cor:accountSubType></gl-cor:accountSub></gl-cor:account><gl-cor:debitCreditCode nonNumericContext="s1">credit</gl-cor:debitCreditCode><gl-cor:amount numericContext="c1">1202528</gl-cor:amount><gl-muc:amountCurrency nonNumericContext="s1">ISO4217:JPY</gl-muc:amountCurrency><gl-cor:postingDate nonNumericContext="s1">2009-04-30</gl-cor:postingDate><gl-cor:postingStatus nonNumericContext="s1">proposed</gl-cor:postingStatus><gl-cor:xbrlInfo><gl-cor:xbrlTaxonomy nonNumericContext="s1">http://www.xbrl-jp.org/taxonomy/jp/fr/common/pl/2003-08-31</gl-cor:xbrlTaxonomy><gl-cor:xbrlElement nonNumericContext="s1">MerchandiseSalesGross</gl-cor:xbrlElement></gl-cor:xbrlInfo><gl-cor:detailComment nonNumericContext="s1">09年4月1日～09年4月30日分売上</gl-cor:detailComment></gl-cor:entryDetail><gl-cor:entryDetail><gl-cor:account><gl-cor:accountMainID nonNumericContext="s1">335</gl-cor:accountMainID><gl-cor:accountMainDescription nonNumericContext="s1">仮受消費税等</gl-cor:accountMainDescription><gl-cor:accountType nonNumericContext="s1">account</gl-cor:accountType><gl-cor:accountSub><gl-cor:accountSubDescription nonNumericContext="s1">大阪</gl-cor:accountSubDescription><gl-cor:accountSubID nonNumericContext="s1">040</gl-cor:accountSubID><gl-cor:accountSubType nonNumericContext="s1">部門</gl-cor:accountSubType></gl-cor:accountSub></gl-cor:account><gl-cor:debitCreditCode nonNumericContext="s1">credit</gl-cor:debitCreditCode><gl-cor:amount numericContext="c1">60126</gl-cor:amount><gl-muc:amountCurrency nonNumericContext="s1">ISO4217:JPY</gl-muc:amountCurrency><gl-cor:postingDate nonNumericContext="s1">2009-04-30</gl-cor:postingDate><gl-cor:postingStatus nonNumericContext="s1">tax</gl-cor:postingStatus><gl-cor:xbrlInfo><gl-cor:xbrlTaxonomy nonNumericContext="s1">http://www.xbrl-jp.org/taxonomy/jp/fr/ta/bs/2003-08-31</gl-cor:xbrlTaxonomy><gl-cor:xbrlElement nonNumericContext="s1">SuspenseReceiptConsumptionTaxes</gl-cor:xbrlElement></gl-cor:xbrlInfo></gl-cor:entryDetail><gl-cor:entryDetail><gl-cor:account><gl-cor:accountMainID nonNumericContext="s1">511</gl-cor:accountMainID><gl-cor:accountMainDescription nonNumericContext="s1">売上高</gl-cor:accountMainDescription><gl-cor:accountType nonNumericContext="s1">account</gl-cor:accountType><gl-cor:accountSub><gl-cor:accountSubDescription nonNumericContext="s1">大阪</gl-cor:accountSubDescription><gl-cor:accountSubID nonNumericContext="s1">040</gl-cor:accountSubID><gl-cor:accountSubType nonNumericContext="s1">部門</gl-cor:accountSubType></gl-cor:accountSub></gl-cor:account><gl-cor:debitCreditCode nonNumericContext="s1">credit</gl-cor:debitCreditCode><gl-cor:amount numericContext="c1">1526316</gl-cor:amount><gl-muc:amountCurrency nonNumericContext="s1">ISO4217:JPY</gl-muc:amountCurrency><gl-cor:postingDate nonNumericContext="s1">2009-04-30</gl-cor:postingDate><gl-cor:postingStatus nonNumericContext="s1">proposed</gl-cor:postingStatus><gl-cor:xbrlInfo><gl-cor:xbrlTaxonomy nonNumericContext="s1">http://www.xbrl-jp.org/taxonomy/jp/fr/common/pl/2003-08-31</gl-cor:xbrlTaxonomy><gl-cor:xbrlElement nonNumericContext="s1">MerchandiseSalesGross</gl-cor:xbrlElement></gl-cor:xbrlInfo><gl-cor:detailComment nonNumericContext="s1">09年4月1日～09年4月30日分売上</gl-cor:detailComment></gl-cor:entryDetail><gl-cor:entryDetail><gl-cor:account><gl-cor:accountMainID nonNumericContext="s1">335</gl-cor:accountMainID><gl-cor:accountMainDescription nonNumericContext="s1">仮受消費税等</gl-cor:accountMainDescription><gl-cor:accountType nonNumericContext="s1">account</gl-cor:accountType><gl-cor:accountSub><gl-cor:accountSubDescription nonNumericContext="s1">大阪</gl-cor:accountSubDescription><gl-cor:accountSubID nonNumericContext="s1">040</gl-cor:accountSubID><gl-cor:accountSubType nonNumericContext="s1">部門</gl-cor:accountSubType></gl-cor:accountSub></gl-cor:account><gl-cor:debitCreditCode nonNumericContext="s1">credit</gl-cor:debitCreditCode><gl-cor:amount numericContext="c1">76310</gl-cor:amount><gl-muc:amountCurrency nonNumericContext="s1">ISO4217:JPY</gl-muc:amountCurrency><gl-cor:postingDate nonNumericContext="s1">2009-04-30</gl-cor:postingDate><gl-cor:postingStatus nonNumericContext="s1">tax</gl-cor:postingStatus><gl-cor:xbrlInfo><gl-cor:xbrlTaxonomy nonNumericContext="s1">http://www.xbrl-jp.org/taxonomy/jp/fr/ta/bs/2003-08-31</gl-cor:xbrlTaxonomy><gl-cor:xbrlElement nonNumericContext="s1">SuspenseReceiptConsumptionTaxes</gl-cor:xbrlElement></gl-cor:xbrlInfo></gl-cor:entryDetail><gl-cor:entryDetail><gl-cor:account><gl-cor:accountMainID nonNumericContext="s1">152</gl-cor:accountMainID><gl-cor:accountMainDescription nonNumericContext="s1">売掛金</gl-cor:accountMainDescription><gl-cor:accountType nonNumericContext="s1">account</gl-cor:accountType><gl-cor:accountSub><gl-cor:accountSubDescription nonNumericContext="s1">共通部門</gl-cor:accountSubDescription><gl-cor:accountSubID nonNumericContext="s1">000</gl-cor:accountSubID><gl-cor:accountSubType nonNumericContext="s1">部門</gl-cor:accountSubType></gl-cor:accountSub></gl-cor:account><gl-cor:debitCreditCode nonNumericContext="s1">debit</gl-cor:debitCreditCode><gl-cor:amount numericContext="c1">1602626</gl-cor:amount><gl-muc:amountCurrency nonNumericContext="s1">ISO4217:JPY</gl-muc:amountCurrency><gl-cor:postingDate nonNumericContext="s1">2009-04-30</gl-cor:postingDate><gl-cor:identifierReference><gl-cor:identifierCode nonNumericContext="s1">014</gl-cor:identifierCode><gl-cor:identifierDescription nonNumericContext="s1">㈱藤田</gl-cor:identifierDescription><gl-cor:identifierType nonNumericContext="s1">customer</gl-cor:identifierType></gl-cor:identifierReference><gl-cor:postingStatus nonNumericContext="s1">proposed</gl-cor:postingStatus><gl-cor:xbrlInfo><gl-cor:xbrlTaxonomy nonNumericContext="s1">http://www.xbrl-jp.org/taxonomy/jp/fr/common/bs/2003-08-31</gl-cor:xbrlTaxonomy><gl-cor:xbrlElement nonNumericContext="s1">AccountsReceivableTradeGross</gl-cor:xbrlElement></gl-cor:xbrlInfo><gl-cor:detailComment nonNumericContext="s1">09年4月1日～09年4月30日分売上</gl-cor:detailComment></gl-cor:entryDetail><gl-cor:entryDetail><gl-cor:account><gl-cor:accountMainID nonNumericContext="s1">152</gl-cor:accountMainID><gl-cor:accountMainDescription nonNumericContext="s1">売掛金</gl-cor:accountMainDescription><gl-cor:accountType nonNumericContext="s1">account</gl-cor:accountType><gl-cor:accountSub><gl-cor:accountSubDescription nonNumericContext="s1">共通部門</gl-cor:accountSubDescription><gl-cor:accountSubID nonNumericContext="s1">000</gl-cor:accountSubID><gl-cor:accountSubType nonNumericContext="s1">部門</gl-cor:accountSubType></gl-cor:accountSub></gl-cor:account><gl-cor:debitCreditCode nonNumericContext="s1">debit</gl-cor:debitCreditCode><gl-cor:amount numericContext="c1">1192885</gl-cor:amount><gl-muc:amountCurrency nonNumericContext="s1">ISO4217:JPY</gl-muc:amountCurrency><gl-cor:postingDate nonNumericContext="s1">2009-04-30</gl-cor:postingDate><gl-cor:identifierReference><gl-cor:identifierCode nonNumericContext="s1">020</gl-cor:identifierCode><gl-cor:identifierDescription nonNumericContext="s1">㈱久城商事</gl-cor:identifierDescription><gl-cor:identifierType nonNumericContext="s1">customer</gl-cor:identifierType></gl-cor:identifierReference><gl-cor:postingStatus nonNumericContext="s1">proposed</gl-cor:postingStatus><gl-cor:xbrlInfo><gl-cor:xbrlTaxonomy nonNumericContext="s1">http://www.xbrl-jp.org/taxonomy/jp/fr/common/bs/2003-08-31</gl-cor:xbrlTaxonomy><gl-cor:xbrlElement nonNumericContext="s1">AccountsReceivableTradeGross</gl-cor:xbrlElement></gl-cor:xbrlInfo><gl-cor:detailComment nonNumericContext="s1">09年4月1日～09年4月30日分売上</gl-cor:detailComment></gl-cor:entryDetail><gl-cor:entryDetail><gl-cor:account><gl-cor:accountMainID nonNumericContext="s1">511</gl-cor:accountMainID><gl-cor:accountMainDescription nonNumericContext="s1">売上高</gl-cor:accountMainDescription><gl-cor:accountType nonNumericContext="s1">account</gl-cor:accountType><gl-cor:accountSub><gl-cor:accountSubDescription nonNumericContext="s1">大阪</gl-cor:accountSubDescription><gl-cor:accountSubID nonNumericContext="s1">040</gl-cor:accountSubID><gl-cor:accountSubType nonNumericContext="s1">部門</gl-cor:accountSubType></gl-cor:accountSub></gl-cor:account><gl-cor:debitCreditCode nonNumericContext="s1">credit</gl-cor:debitCreditCode><gl-cor:amount numericContext="c1">1136086</gl-cor:amount><gl-muc:amountCurrency nonNumericContext="s1">ISO4217:JPY</gl-muc:amountCurrency><gl-cor:postingDate nonNumericContext="s1">2009-04-30</gl-cor:postingDate><gl-cor:postingStatus nonNumericContext="s1">proposed</gl-cor:postingStatus><gl-cor:xbrlInfo><gl-cor:xbrlTaxonomy nonNumericContext="s1">http://www.xbrl-jp.org/taxonomy/jp/fr/common/pl/2003-08-31</gl-cor:xbrlTaxonomy><gl-cor:xbrlElement nonNumericContext="s1">MerchandiseSalesGross</gl-cor:xbrlElement></gl-cor:xbrlInfo><gl-cor:detailComment nonNumericContext="s1">09年4月1日～09年4月30日分売上</gl-cor:detailComment></gl-cor:entryDetail><gl-cor:entryDetail><gl-cor:account><gl-cor:accountMainID nonNumericContext="s1">335</gl-cor:accountMainID><gl-cor:accountMainDescription nonNumericContext="s1">仮受消費税等</gl-cor:accountMainDescription><gl-cor:accountType nonNumericContext="s1">account</gl-cor:accountType><gl-cor:accountSub><gl-cor:accountSubDescription nonNumericContext="s1">大阪</gl-cor:accountSubDescription><gl-cor:accountSubID nonNumericContext="s1">040</gl-cor:accountSubID><gl-cor:accountSubType nonNumericContext="s1">部門</gl-cor:accountSubType></gl-cor:accountSub></gl-cor:account><gl-cor:debitCreditCode nonNumericContext="s1">credit</gl-cor:debitCreditCode><gl-cor:amount numericContext="c1">56799</gl-cor:amount><gl-muc:amountCurrency nonNumericContext="s1">ISO4217:JPY</gl-muc:amountCurrency><gl-cor:postingDate nonNumericContext="s1">2009-04-30</gl-cor:postingDate><gl-cor:postingStatus nonNumericContext="s1">tax</gl-cor:postingStatus><gl-cor:xbrlInfo><gl-cor:xbrlTaxonomy nonNumericContext="s1">http://www.xbrl-jp.org/taxonomy/jp/fr/ta/bs/2003-08-31</gl-cor:xbrlTaxonomy><gl-cor:xbrlElement nonNumericContext="s1">SuspenseReceiptConsumptionTaxes</gl-cor:xbrlElement></gl-cor:xbrlInfo></gl-cor:entryDetail><gl-cor:entryDetail><gl-cor:account><gl-cor:accountMainID nonNumericContext="s1">152</gl-cor:accountMainID><gl-cor:accountMainDescription nonNumericContext="s1">売掛金</gl-cor:accountMainDescription><gl-cor:accountType nonNumericContext="s1">account</gl-cor:accountType><gl-cor:accountSub><gl-cor:accountSubDescription nonNumericContext="s1">共通部門</gl-cor:accountSubDescription><gl-cor:accountSubID nonNumericContext="s1">000</gl-cor:accountSubID><gl-cor:accountSubType nonNumericContext="s1">部門</gl-cor:accountSubType></gl-cor:accountSub></gl-cor:account><gl-cor:debitCreditCode nonNumericContext="s1">debit</gl-cor:debitCreditCode><gl-cor:amount numericContext="c1">729562</gl-cor:amount><gl-muc:amountCurrency nonNumericContext="s1">ISO4217:JPY</gl-muc:amountCurrency><gl-cor:postingDate nonNumericContext="s1">2009-04-30</gl-cor:postingDate><gl-cor:identifierReference><gl-cor:identifierCode nonNumericContext="s1">023</gl-cor:identifierCode><gl-cor:identifierDescription nonNumericContext="s1">㈱鎌田商店</gl-cor:identifierDescription><gl-cor:identifierType nonNumericContext="s1">customer</gl-cor:identifierType></gl-cor:identifierReference><gl-cor:postingStatus nonNumericContext="s1">proposed</gl-cor:postingStatus><gl-cor:xbrlInfo><gl-cor:xbrlTaxonomy nonNumericContext="s1">http://www.xbrl-jp.org/taxonomy/jp/fr/common/bs/2003-08-31</gl-cor:xbrlTaxonomy><gl-cor:xbrlElement nonNumericContext="s1">AccountsReceivableTradeGross</gl-cor:xbrlElement></gl-cor:xbrlInfo><gl-cor:detailComment nonNumericContext="s1">09年4月1日～09年4月30日分売上</gl-cor:detailComment></gl-cor:entryDetail><gl-cor:entryDetail><gl-cor:account><gl-cor:accountMainID nonNumericContext="s1">511</gl-cor:accountMainID><gl-cor:accountMainDescription nonNumericContext="s1">売上高</gl-cor:accountMainDescription><gl-cor:accountType nonNumericContext="s1">account</gl-cor:accountType><gl-cor:accountSub><gl-cor:accountSubDescription nonNumericContext="s1">大阪</gl-cor:accountSubDescription><gl-cor:accountSubID nonNumericContext="s1">040</gl-cor:accountSubID><gl-cor:accountSubType nonNumericContext="s1">部門</gl-cor:accountSubType></gl-cor:accountSub></gl-cor:account><gl-cor:debitCreditCode nonNumericContext="s1">credit</gl-cor:debitCreditCode><gl-cor:amount numericContext="c1">694821</gl-cor:amount><gl-muc:amountCurrency nonNumericContext="s1">ISO4217:JPY</gl-muc:amountCurrency><gl-cor:postingDate nonNumericContext="s1">2009-04-30</gl-cor:postingDate><gl-cor:postingStatus nonNumericContext="s1">proposed</gl-cor:postingStatus><gl-cor:xbrlInfo><gl-cor:xbrlTaxonomy nonNumericContext="s1">http://www.xbrl-jp.org/taxonomy/jp/fr/common/pl/2003-08-31</gl-cor:xbrlTaxonomy><gl-cor:xbrlElement nonNumericContext="s1">MerchandiseSalesGross</gl-cor:xbrlElement></gl-cor:xbrlInfo><gl-cor:detailComment nonNumericContext="s1">09年4月1日～09年4月30日分売上</gl-cor:detailComment></gl-cor:entryDetail><gl-cor:entryDetail><gl-cor:account><gl-cor:accountMainID nonNumericContext="s1">335</gl-cor:accountMainID><gl-cor:accountMainDescription nonNumericContext="s1">仮受消費税等</gl-cor:accountMainDescription><gl-cor:accountType nonNumericContext="s1">account</gl-cor:accountType><gl-cor:accountSub><gl-cor:accountSubDescription nonNumericContext="s1">大阪</gl-cor:accountSubDescription><gl-cor:accountSubID nonNumericContext="s1">040</gl-cor:accountSubID><gl-cor:accountSubType nonNumericContext="s1">部門</gl-cor:accountSubType></gl-cor:accountSub></gl-cor:account><gl-cor:debitCreditCode nonNumericContext="s1">credit</gl-cor:debitCreditCode><gl-cor:amount numericContext="c1">34741</gl-cor:amount><gl-muc:amountCurrency nonNumericContext="s1">ISO4217:JPY</gl-muc:amountCurrency><gl-cor:postingDate nonNumericContext="s1">2009-04-30</gl-cor:postingDate><gl-cor:postingStatus nonNumericContext="s1">tax</gl-cor:postingStatus><gl-cor:xbrlInfo><gl-cor:xbrlTaxonomy nonNumericContext="s1">http://www.xbrl-jp.org/taxonomy/jp/fr/ta/bs/2003-08-31</gl-cor:xbrlTaxonomy><gl-cor:xbrlElement nonNumericContext="s1">SuspenseReceiptConsumptionTaxes</gl-cor:xbrlElement></gl-cor:xbrlInfo></gl-cor:entryDetail><gl-cor:entryDetail><gl-cor:account><gl-cor:accountMainID nonNumericContext="s1">152</gl-cor:accountMainID><gl-cor:accountMainDescription nonNumericContext="s1">売掛金</gl-cor:accountMainDescription><gl-cor:accountType nonNumericContext="s1">account</gl-cor:accountType><gl-cor:accountSub><gl-cor:accountSubDescription nonNumericContext="s1">共通部門</gl-cor:accountSubDescription><gl-cor:accountSubID nonNumericContext="s1">000</gl-cor:accountSubID><gl-cor:accountSubType nonNumericContext="s1">部門</gl-cor:accountSubType></gl-cor:accountSub></gl-cor:account><gl-cor:debitCreditCode nonNumericContext="s1">debit</gl-cor:debitCreditCode><gl-cor:amount numericContext="c1">4952614</gl-cor:amount><gl-muc:amountCurrency nonNumericContext="s1">ISO4217:JPY</gl-muc:amountCurrency><gl-cor:postingDate nonNumericContext="s1">2009-04-30</gl-cor:postingDate><gl-cor:identifierReference><gl-cor:identifierCode nonNumericContext="s1">028</gl-cor:identifierCode><gl-cor:identifierDescription nonNumericContext="s1">かめだﾃﾞﾊﾟｰﾄ</gl-cor:identifierDescription><gl-cor:identifierType nonNumericContext="s1">customer</gl-cor:identifierType></gl-cor:identifierReference><gl-cor:postingStatus nonNumericContext="s1">proposed</gl-cor:postingStatus><gl-cor:xbrlInfo><gl-cor:xbrlTaxonomy nonNumericContext="s1">http://www.xbrl-jp.org/taxonomy/jp/fr/common/bs/2003-08-31</gl-cor:xbrlTaxonomy><gl-cor:xbrlElement nonNumericContext="s1">AccountsReceivableTradeGross</gl-cor:xbrlElement></gl-cor:xbrlInfo><gl-cor:detailComment nonNumericContext="s1">09年4月1日～09年4月30日分売上</gl-cor:detailComment></gl-cor:entryDetail><gl-cor:entryDetail><gl-cor:account><gl-cor:accountMainID nonNumericContext="s1">511</gl-cor:accountMainID><gl-cor:accountMainDescription nonNumericContext="s1">売上高</gl-cor:accountMainDescription><gl-cor:accountType nonNumericContext="s1">account</gl-cor:accountType><gl-cor:accountSub><gl-cor:accountSubDescription nonNumericContext="s1">大阪</gl-cor:accountSubDescription><gl-cor:accountSubID nonNumericContext="s1">040</gl-cor:accountSubID><gl-cor:accountSubType nonNumericContext="s1">部門</gl-cor:accountSubType></gl-cor:accountSub></gl-cor:account><gl-cor:debitCreditCode nonNumericContext="s1">credit</gl-cor:debitCreditCode><gl-cor:amount numericContext="c1">4716787</gl-cor:amount><gl-muc:amountCurrency nonNumericContext="s1">ISO4217:JPY</gl-muc:amountCurrency><gl-cor:postingDate nonNumericContext="s1">2009-04-30</gl-cor:postingDate><gl-cor:postingStatus nonNumericContext="s1">proposed</gl-cor:postingStatus><gl-cor:xbrlInfo><gl-cor:xbrlTaxonomy nonNumericContext="s1">http://www.xbrl-jp.org/taxonomy/jp/fr/common/pl/2003-08-31</gl-cor:xbrlTaxonomy><gl-cor:xbrlElement nonNumericContext="s1">MerchandiseSalesGross</gl-cor:xbrlElement></gl-cor:xbrlInfo><gl-cor:detailComment nonNumericContext="s1">09年4月1日～09年4月30日分売上</gl-cor:detailComment></gl-cor:entryDetail><gl-cor:entryDetail><gl-cor:account><gl-cor:accountMainID nonNumericContext="s1">335</gl-cor:accountMainID><gl-cor:accountMainDescription nonNumericContext="s1">仮受消費税等</gl-cor:accountMainDescription><gl-cor:accountType nonNumericContext="s1">account</gl-cor:accountType><gl-cor:accountSub><gl-cor:accountSubDescription nonNumericContext="s1">大阪</gl-cor:accountSubDescription><gl-cor:accountSubID nonNumericContext="s1">040</gl-cor:accountSubID><gl-cor:accountSubType nonNumericContext="s1">部門</gl-cor:accountSubType></gl-cor:accountSub></gl-cor:account><gl-cor:debitCreditCode nonNumericContext="s1">credit</gl-cor:debitCreditCode><gl-cor:amount numericContext="c1">235827</gl-cor:amount><gl-muc:amountCurrency nonNumericContext="s1">ISO4217:JPY</gl-muc:amountCurrency><gl-cor:postingDate nonNumericContext="s1">2009-04-30</gl-cor:postingDate><gl-cor:postingStatus nonNumericContext="s1">tax</gl-cor:postingStatus><gl-cor:xbrlInfo><gl-cor:xbrlTaxonomy nonNumericContext="s1">http://www.xbrl-jp.org/taxonomy/jp/fr/ta/bs/2003-08-31</gl-cor:xbrlTaxonomy><gl-cor:xbrlElement nonNumericContext="s1">SuspenseReceiptConsumptionTaxes</gl-cor:xbrlElement></gl-cor:xbrlInfo></gl-cor:entryDetail><gl-cor:entryDetail><gl-cor:account><gl-cor:accountMainID nonNumericContext="s1">152</gl-cor:accountMainID><gl-cor:accountMainDescription nonNumericContext="s1">売掛金</gl-cor:accountMainDescription><gl-cor:accountType nonNumericContext="s1">account</gl-cor:accountType><gl-cor:accountSub><gl-cor:accountSubDescription nonNumericContext="s1">共通部門</gl-cor:accountSubDescription><gl-cor:accountSubID nonNumericContext="s1">000</gl-cor:accountSubID><gl-cor:accountSubType nonNumericContext="s1">部門</gl-cor:accountSubType></gl-cor:accountSub></gl-cor:account><gl-cor:debitCreditCode nonNumericContext="s1">debit</gl-cor:debitCreditCode><gl-cor:amount numericContext="c1">25704</gl-cor:amount><gl-muc:amountCurrency nonNumericContext="s1">ISO4217:JPY</gl-muc:amountCurrency><gl-cor:postingDate nonNumericContext="s1">2009-04-30</gl-cor:postingDate><gl-cor:identifierReference><gl-cor:identifierCode nonNumericContext="s1">028</gl-cor:identifierCode><gl-cor:identifierDescription nonNumericContext="s1">かめだﾃﾞﾊﾟｰﾄ</gl-cor:identifierDescription><gl-cor:identifierType nonNumericContext="s1">customer</gl-cor:identifierType></gl-cor:identifierReference><gl-cor:postingStatus nonNumericContext="s1">proposed</gl-cor:postingStatus><gl-cor:xbrlInfo><gl-cor:xbrlTaxonomy nonNumericContext="s1">http://www.xbrl-jp.org/taxonomy/jp/fr/common/bs/2003-08-31</gl-cor:xbrlTaxonomy><gl-cor:xbrlElement nonNumericContext="s1">AccountsReceivableTradeGross</gl-cor:xbrlElement></gl-cor:xbrlInfo><gl-cor:detailComment nonNumericContext="s1">09年4月1日～09年4月30日分売上</gl-cor:detailComment></gl-cor:entryDetail><gl-cor:entryDetail><gl-cor:account><gl-cor:accountMainID nonNumericContext="s1">521</gl-cor:accountMainID><gl-cor:accountMainDescription nonNumericContext="s1">売上値引戻り高</gl-cor:accountMainDescription><gl-cor:accountType nonNumericContext="s1">account</gl-cor:accountType><gl-cor:accountSub><gl-cor:accountSubDescription nonNumericContext="s1">大阪</gl-cor:accountSubDescription><gl-cor:accountSubID nonNumericContext="s1">040</gl-cor:accountSubID><gl-cor:accountSubType nonNumericContext="s1">部門</gl-cor:accountSubType></gl-cor:accountSub></gl-cor:account><gl-cor:debitCreditCode nonNumericContext="s1">credit</gl-cor:debitCreditCode><gl-cor:amount numericContext="c1">24480</gl-cor:amount><gl-muc:amountCurrency nonNumericContext="s1">ISO4217:JPY</gl-muc:amountCurrency><gl-cor:postingDate nonNumericContext="s1">2009-04-30</gl-cor:postingDate><gl-cor:postingStatus nonNumericContext="s1">proposed</gl-cor:postingStatus><gl-cor:xbrlInfo><gl-cor:xbrlTaxonomy nonNumericContext="s1">http://www.xbrl-jp.org/taxonomy/jp/fr/common/pl/2003-08-31</gl-cor:xbrlTaxonomy><gl-cor:xbrlElement nonNumericContext="s1">MerchandiseSalesReturnsAllowances</gl-cor:xbrlElement></gl-cor:xbrlInfo><gl-cor:detailComment nonNumericContext="s1">09年4月1日～09年4月30日分売上</gl-cor:detailComment></gl-cor:entryDetail><gl-cor:entryDetail><gl-cor:account><gl-cor:accountMainID nonNumericContext="s1">335</gl-cor:accountMainID><gl-cor:accountMainDescription nonNumericContext="s1">仮受消費税等</gl-cor:accountMainDescription><gl-cor:accountType nonNumericContext="s1">account</gl-cor:accountType><gl-cor:accountSub><gl-cor:accountSubDescription nonNumericContext="s1">大阪</gl-cor:accountSubDescription><gl-cor:accountSubID nonNumericContext="s1">040</gl-cor:accountSubID><gl-cor:accountSubType nonNumericContext="s1">部門</gl-cor:accountSubType></gl-cor:accountSub></gl-cor:account><gl-cor:debitCreditCode nonNumericContext="s1">credit</gl-cor:debitCreditCode><gl-cor:amount numericContext="c1">1224</gl-cor:amount><gl-muc:amountCurrency nonNumericContext="s1">ISO4217:JPY</gl-muc:amountCurrency><gl-cor:postingDate nonNumericContext="s1">2009-04-30</gl-cor:postingDate><gl-cor:postingStatus nonNumericContext="s1">tax</gl-cor:postingStatus><gl-cor:xbrlInfo><gl-cor:xbrlTaxonomy nonNumericContext="s1">http://www.xbrl-jp.org/taxonomy/jp/fr/ta/bs/2003-08-31</gl-cor:xbrlTaxonomy><gl-cor:xbrlElement nonNumericContext="s1">SuspenseReceiptConsumptionTaxes</gl-cor:xbrlElement></gl-cor:xbrlInfo></gl-cor:entryDetail></gl-cor:entryHeader></gl-cor:accountingEntries><xbrli:numericContext id="c1" cwa="false" precision="11"><xbrli:entity><xbrli:identifier scheme="">0001</xbrli:identifier></xbrli:entity><xbrli:period/><xbrli:unit><xbrli:measure>ISO4217:JPY</xbrli:measure></xbrli:unit></xbrli:numericContext><xbrli:nonNumericContext id="s1"><xbrli:entity><xbrli:identifier scheme="">0001</xbrli:identifier></xbrli:entity><xbrli:period/></xbrli:nonNumericContext></xbrli:group>
