<?xml version='1.0' encoding='utf-8'?>
<xbrli:xbrl xmlns:xsi="http://www.w3.org/2001/XMLSchema-instance" xsi:schemaLocation="http://www.xbrlgl.com/gl-plt/ XBRLGL.xsd" xmlns:xbrli="http://www.xbrl.org/2001/instance" xmlns:xbrll="http://www.xbrl.org/2003/linkbase" xmlns:xlink="http://www.w3.org/1999/xlink" xmlns:iso4217="http://www.xbrl.org/2003/iso4217" xmlns:iso639="http://www.xbrl.org/2005/iso639" xmlns:gl-cor="http://www.xbrl.org/int/gl/cor/2015-03-25" xmlns:gl-muc="http://www.xbrl.org/int/gl/muc/2015-03-25" xmlns:gl-bus="http://www.xbrl.org/int/gl/bus/2015-03-25" xmlns:gl-usk="http://www.xbrl.org/int/gl/usk/2015-03-25" xmlns:gl-taf="http://www.xbrl.org/int/gl/taf/2015-03-25" xmlns:gl-srcd="http://www.xbrl.org/int/gl/srcd/2015-03-25" xmlns:gl-ehm="http://www.xbrl.org/int/gl/ehm/2015-03-25" xmlns:gl-plt="http://www.xbrl.org/int/gl/plt/2015-03-25" xsi:schemaLocation="http://www.xbrl.org/int/gl/plt/2015-03-25 ../plt/case-c-b-m-u-t/gl-plt-2015-03-25.xsd"><gl-cor:accountingEntries><gl-cor:documentInfo><gl-cor:entriesType nonNumericContext="s1">entries</gl-cor:entriesType><gl-cor:uniqueID nonNumericContext="s1">465-1391</gl-cor:uniqueID><gl-bus:sourceApplication nonNumericContext="s1">PCA会計９V.2-仕訳ﾃﾞｰﾀの受入</gl-bus:sourceApplication><gl-cor:language nonNumericContext="s1">ISO693:ja</gl-cor:language><gl-cor:creationDate nonNumericContext="s1">2012-12-26T17:38:07</gl-cor:creationDate><gl-bus:creator nonNumericContext="s1">pca</gl-bus:creator></gl-cor:documentInfo><gl-cor:entityInformation><gl-bus:organizationIdentifiers><gl-bus:organizationIdentifier nonNumericContext="s1">0001</gl-bus:organizationIdentifier><gl-bus:organizationDescription nonNumericContext="s1">株式会社PCA商事</gl-bus:organizationDescription></gl-bus:organizationIdentifiers><gl-bus:entityPhoneNumber><gl-bus:phoneNumberDescription nonNumericContext="s1">main</gl-bus:phoneNumberDescription><gl-bus:phoneNumber nonNumericContext="s1">03-1111-1111</gl-bus:phoneNumber></gl-bus:entityPhoneNumber><gl-bus:entityPhoneNumber><gl-bus:phoneNumberDescription nonNumericContext="s1">fax</gl-bus:phoneNumberDescription><gl-bus:phoneNumber nonNumericContext="s1">03-2222-2222</gl-bus:phoneNumber></gl-bus:entityPhoneNumber><gl-bus:organizationAddress><gl-bus:organizationAddressName nonNumericContext="s1">株式会社PCA商事</gl-bus:organizationAddressName><gl-bus:organizationAddressStreet nonNumericContext="s1">東京都千代田区富士見1-2-21</gl-bus:organizationAddressStreet><gl-bus:organizationAddressZipOrPostalCode nonNumericContext="s1">102-8171</gl-bus:organizationAddressZipOrPostalCode><gl-bus:organizationAddressCountry nonNumericContext="s1">Japan</gl-bus:organizationAddressCountry></gl-bus:organizationAddress></gl-cor:entityInformation><gl-cor:entryHeader><gl-cor:enteredDate nonNumericContext="s1">2008-08-19</gl-cor:enteredDate><gl-bus:entryOrigin nonNumericContext="s1">manual entry</gl-bus:entryOrigin><gl-cor:sourceJournalID nonNumericContext="s1">gj</gl-cor:sourceJournalID><gl-bus:sourceJournalDescription nonNumericContext="s1">General Journal</gl-bus:sourceJournalDescription><gl-cor:entryNumber nonNumericContext="s1">128</gl-cor:entryNumber><gl-cor:entryType nonNumericContext="s1">standard</gl-cor:entryType><gl-cor:entryDetail><gl-cor:account><gl-cor:accountMainID nonNumericContext="s1">541</gl-cor:accountMainID><gl-cor:accountMainDescription nonNumericContext="s1">商品仕入高</gl-cor:accountMainDescription><gl-cor:accountType nonNumericContext="s1">account</gl-cor:accountType><gl-cor:accountSub><gl-cor:accountSubDescription nonNumericContext="s1">大阪</gl-cor:accountSubDescription><gl-cor:accountSubID nonNumericContext="s1">040</gl-cor:accountSubID><gl-cor:accountSubType nonNumericContext="s1">部門</gl-cor:accountSubType></gl-cor:accountSub></gl-cor:account><gl-cor:debitCreditCode nonNumericContext="s1">debit</gl-cor:debitCreditCode><gl-cor:amount numericContext="c1">2886432</gl-cor:amount><gl-muc:amountCurrency nonNumericContext="s1">ISO4217:JPY</gl-muc:amountCurrency><gl-cor:postingDate nonNumericContext="s1">2009-05-31</gl-cor:postingDate><gl-cor:postingStatus nonNumericContext="s1">proposed</gl-cor:postingStatus><gl-cor:xbrlInfo><gl-cor:summaryReportingTaxonomyIDRef nonNumericContext="s1">http://www.xbrl-jp.org/taxonomy/jp/fr/common/pl/2003-08-31</gl-cor:summaryReportingTaxonomyIDRef><gl-cor:summaryReportingElement nonNumericContext="s1">CostMerchandisePurchaseMerchandiseGross</gl-cor:summaryReportingElement></gl-cor:xbrlInfo><gl-cor:detailComment nonNumericContext="s1">09年5月1日～09年5月31日分仕入</gl-cor:detailComment></gl-cor:entryDetail><gl-cor:entryDetail><gl-cor:account><gl-cor:accountMainID nonNumericContext="s1">191</gl-cor:accountMainID><gl-cor:accountMainDescription nonNumericContext="s1">仮払消費税等</gl-cor:accountMainDescription><gl-cor:accountType nonNumericContext="s1">account</gl-cor:accountType><gl-cor:accountSub><gl-cor:accountSubDescription nonNumericContext="s1">大阪</gl-cor:accountSubDescription><gl-cor:accountSubID nonNumericContext="s1">040</gl-cor:accountSubID><gl-cor:accountSubType nonNumericContext="s1">部門</gl-cor:accountSubType></gl-cor:accountSub></gl-cor:account><gl-cor:debitCreditCode nonNumericContext="s1">debit</gl-cor:debitCreditCode><gl-cor:amount numericContext="c1">144285</gl-cor:amount><gl-muc:amountCurrency nonNumericContext="s1">ISO4217:JPY</gl-muc:amountCurrency><gl-cor:postingDate nonNumericContext="s1">2009-05-31</gl-cor:postingDate><gl-cor:postingStatus nonNumericContext="s1">tax</gl-cor:postingStatus><gl-cor:xbrlInfo><gl-cor:summaryReportingTaxonomyIDRef nonNumericContext="s1">http://www.xbrl-jp.org/taxonomy/jp/fr/ta/bs/2003-08-31</gl-cor:summaryReportingTaxonomyIDRef><gl-cor:summaryReportingElement nonNumericContext="s1">SuspenseAccountPaymentConsumptionTaxes</gl-cor:summaryReportingElement></gl-cor:xbrlInfo></gl-cor:entryDetail><gl-cor:entryDetail><gl-cor:account><gl-cor:accountMainID nonNumericContext="s1">312</gl-cor:accountMainID><gl-cor:accountMainDescription nonNumericContext="s1">買掛金</gl-cor:accountMainDescription><gl-cor:accountType nonNumericContext="s1">account</gl-cor:accountType><gl-cor:accountSub><gl-cor:accountSubDescription nonNumericContext="s1">共通部門</gl-cor:accountSubDescription><gl-cor:accountSubID nonNumericContext="s1">000</gl-cor:accountSubID><gl-cor:accountSubType nonNumericContext="s1">部門</gl-cor:accountSubType></gl-cor:accountSub></gl-cor:account><gl-cor:debitCreditCode nonNumericContext="s1">credit</gl-cor:debitCreditCode><gl-cor:amount numericContext="c1">3030717</gl-cor:amount><gl-muc:amountCurrency nonNumericContext="s1">ISO4217:JPY</gl-muc:amountCurrency><gl-cor:postingDate nonNumericContext="s1">2009-05-31</gl-cor:postingDate><gl-cor:identifierReference><gl-cor:identifierCode nonNumericContext="s1">010</gl-cor:identifierCode><gl-cor:identifierDescription nonNumericContext="s1">鈴木販売㈱</gl-cor:identifierDescription><gl-cor:identifierType nonNumericContext="s1">vendor</gl-cor:identifierType></gl-cor:identifierReference><gl-cor:postingStatus nonNumericContext="s1">proposed</gl-cor:postingStatus><gl-cor:xbrlInfo><gl-cor:summaryReportingTaxonomyIDRef nonNumericContext="s1">http://www.xbrl-jp.org/taxonomy/jp/fr/common/bs/2003-08-31</gl-cor:summaryReportingTaxonomyIDRef><gl-cor:summaryReportingElement nonNumericContext="s1">NotesPayableCustomerTradeAccountsPayable</gl-cor:summaryReportingElement></gl-cor:xbrlInfo><gl-cor:detailComment nonNumericContext="s1">09年5月1日～09年5月31日分仕入</gl-cor:detailComment></gl-cor:entryDetail><gl-cor:entryDetail><gl-cor:account><gl-cor:accountMainID nonNumericContext="s1">541</gl-cor:accountMainID><gl-cor:accountMainDescription nonNumericContext="s1">商品仕入高</gl-cor:accountMainDescription><gl-cor:accountType nonNumericContext="s1">account</gl-cor:accountType><gl-cor:accountSub><gl-cor:accountSubDescription nonNumericContext="s1">大阪</gl-cor:accountSubDescription><gl-cor:accountSubID nonNumericContext="s1">040</gl-cor:accountSubID><gl-cor:accountSubType nonNumericContext="s1">部門</gl-cor:accountSubType></gl-cor:accountSub></gl-cor:account><gl-cor:debitCreditCode nonNumericContext="s1">debit</gl-cor:debitCreditCode><gl-cor:amount numericContext="c1">3362160</gl-cor:amount><gl-muc:amountCurrency nonNumericContext="s1">ISO4217:JPY</gl-muc:amountCurrency><gl-cor:postingDate nonNumericContext="s1">2009-05-31</gl-cor:postingDate><gl-cor:postingStatus nonNumericContext="s1">proposed</gl-cor:postingStatus><gl-cor:xbrlInfo><gl-cor:summaryReportingTaxonomyIDRef nonNumericContext="s1">http://www.xbrl-jp.org/taxonomy/jp/fr/common/pl/2003-08-31</gl-cor:summaryReportingTaxonomyIDRef><gl-cor:summaryReportingElement nonNumericContext="s1">CostMerchandisePurchaseMerchandiseGross</gl-cor:summaryReportingElement></gl-cor:xbrlInfo><gl-cor:detailComment nonNumericContext="s1">09年5月1日～09年5月31日分仕入</gl-cor:detailComment></gl-cor:entryDetail><gl-cor:entryDetail><gl-cor:account><gl-cor:accountMainID nonNumericContext="s1">191</gl-cor:accountMainID><gl-cor:accountMainDescription nonNumericContext="s1">仮払消費税等</gl-cor:accountMainDescription><gl-cor:accountType nonNumericContext="s1">account</gl-cor:accountType><gl-cor:accountSub><gl-cor:accountSubDescription nonNumericContext="s1">大阪</gl-cor:accountSubDescription><gl-cor:accountSubID nonNumericContext="s1">040</gl-cor:accountSubID><gl-cor:accountSubType nonNumericContext="s1">部門</gl-cor:accountSubType></gl-cor:accountSub></gl-cor:account><gl-cor:debitCreditCode nonNumericContext="s1">debit</gl-cor:debitCreditCode><gl-cor:amount numericContext="c1">168102</gl-cor:amount><gl-muc:amountCurrency nonNumericContext="s1">ISO4217:JPY</gl-muc:amountCurrency><gl-cor:postingDate nonNumericContext="s1">2009-05-31</gl-cor:postingDate><gl-cor:postingStatus nonNumericContext="s1">tax</gl-cor:postingStatus><gl-cor:xbrlInfo><gl-cor:summaryReportingTaxonomyIDRef nonNumericContext="s1">http://www.xbrl-jp.org/taxonomy/jp/fr/ta/bs/2003-08-31</gl-cor:summaryReportingTaxonomyIDRef><gl-cor:summaryReportingElement nonNumericContext="s1">SuspenseAccountPaymentConsumptionTaxes</gl-cor:summaryReportingElement></gl-cor:xbrlInfo></gl-cor:entryDetail><gl-cor:entryDetail><gl-cor:account><gl-cor:accountMainID nonNumericContext="s1">312</gl-cor:accountMainID><gl-cor:accountMainDescription nonNumericContext="s1">買掛金</gl-cor:accountMainDescription><gl-cor:accountType nonNumericContext="s1">account</gl-cor:accountType><gl-cor:accountSub><gl-cor:accountSubDescription nonNumericContext="s1">共通部門</gl-cor:accountSubDescription><gl-cor:accountSubID nonNumericContext="s1">000</gl-cor:accountSubID><gl-cor:accountSubType nonNumericContext="s1">部門</gl-cor:accountSubType></gl-cor:accountSub></gl-cor:account><gl-cor:debitCreditCode nonNumericContext="s1">credit</gl-cor:debitCreditCode><gl-cor:amount numericContext="c1">3530262</gl-cor:amount><gl-muc:amountCurrency nonNumericContext="s1">ISO4217:JPY</gl-muc:amountCurrency><gl-cor:postingDate nonNumericContext="s1">2009-05-31</gl-cor:postingDate><gl-cor:identifierReference><gl-cor:identifierCode nonNumericContext="s1">006</gl-cor:identifierCode><gl-cor:identifierDescription nonNumericContext="s1">㈱ﾊﾅﾀﾞ</gl-cor:identifierDescription><gl-cor:identifierType nonNumericContext="s1">vendor</gl-cor:identifierType></gl-cor:identifierReference><gl-cor:postingStatus nonNumericContext="s1">proposed</gl-cor:postingStatus><gl-cor:xbrlInfo><gl-cor:summaryReportingTaxonomyIDRef nonNumericContext="s1">http://www.xbrl-jp.org/taxonomy/jp/fr/common/bs/2003-08-31</gl-cor:summaryReportingTaxonomyIDRef><gl-cor:summaryReportingElement nonNumericContext="s1">NotesPayableCustomerTradeAccountsPayable</gl-cor:summaryReportingElement></gl-cor:xbrlInfo><gl-cor:detailComment nonNumericContext="s1">09年5月1日～09年5月31日分仕入</gl-cor:detailComment></gl-cor:entryDetail><gl-cor:entryDetail><gl-cor:account><gl-cor:accountMainID nonNumericContext="s1">541</gl-cor:accountMainID><gl-cor:accountMainDescription nonNumericContext="s1">商品仕入高</gl-cor:accountMainDescription><gl-cor:accountType nonNumericContext="s1">account</gl-cor:accountType><gl-cor:accountSub><gl-cor:accountSubDescription nonNumericContext="s1">大阪</gl-cor:accountSubDescription><gl-cor:accountSubID nonNumericContext="s1">040</gl-cor:accountSubID><gl-cor:accountSubType nonNumericContext="s1">部門</gl-cor:accountSubType></gl-cor:accountSub></gl-cor:account><gl-cor:debitCreditCode nonNumericContext="s1">debit</gl-cor:debitCreditCode><gl-cor:amount numericContext="c1">3566016</gl-cor:amount><gl-muc:amountCurrency nonNumericContext="s1">ISO4217:JPY</gl-muc:amountCurrency><gl-cor:postingDate nonNumericContext="s1">2009-05-31</gl-cor:postingDate><gl-cor:postingStatus nonNumericContext="s1">proposed</gl-cor:postingStatus><gl-cor:xbrlInfo><gl-cor:summaryReportingTaxonomyIDRef nonNumericContext="s1">http://www.xbrl-jp.org/taxonomy/jp/fr/common/pl/2003-08-31</gl-cor:summaryReportingTaxonomyIDRef><gl-cor:summaryReportingElement nonNumericContext="s1">CostMerchandisePurchaseMerchandiseGross</gl-cor:summaryReportingElement></gl-cor:xbrlInfo><gl-cor:detailComment nonNumericContext="s1">09年5月1日～09年5月31日分仕入</gl-cor:detailComment></gl-cor:entryDetail><gl-cor:entryDetail><gl-cor:account><gl-cor:accountMainID nonNumericContext="s1">191</gl-cor:accountMainID><gl-cor:accountMainDescription nonNumericContext="s1">仮払消費税等</gl-cor:accountMainDescription><gl-cor:accountType nonNumericContext="s1">account</gl-cor:accountType><gl-cor:accountSub><gl-cor:accountSubDescription nonNumericContext="s1">大阪</gl-cor:accountSubDescription><gl-cor:accountSubID nonNumericContext="s1">040</gl-cor:accountSubID><gl-cor:accountSubType nonNumericContext="s1">部門</gl-cor:accountSubType></gl-cor:accountSub></gl-cor:account><gl-cor:debitCreditCode nonNumericContext="s1">debit</gl-cor:debitCreditCode><gl-cor:amount numericContext="c1">178294</gl-cor:amount><gl-muc:amountCurrency nonNumericContext="s1">ISO4217:JPY</gl-muc:amountCurrency><gl-cor:postingDate nonNumericContext="s1">2009-05-31</gl-cor:postingDate><gl-cor:postingStatus nonNumericContext="s1">tax</gl-cor:postingStatus><gl-cor:xbrlInfo><gl-cor:summaryReportingTaxonomyIDRef nonNumericContext="s1">http://www.xbrl-jp.org/taxonomy/jp/fr/ta/bs/2003-08-31</gl-cor:summaryReportingTaxonomyIDRef><gl-cor:summaryReportingElement nonNumericContext="s1">SuspenseAccountPaymentConsumptionTaxes</gl-cor:summaryReportingElement></gl-cor:xbrlInfo></gl-cor:entryDetail><gl-cor:entryDetail><gl-cor:account><gl-cor:accountMainID nonNumericContext="s1">312</gl-cor:accountMainID><gl-cor:accountMainDescription nonNumericContext="s1">買掛金</gl-cor:accountMainDescription><gl-cor:accountType nonNumericContext="s1">account</gl-cor:accountType><gl-cor:accountSub><gl-cor:accountSubDescription nonNumericContext="s1">共通部門</gl-cor:accountSubDescription><gl-cor:accountSubID nonNumericContext="s1">000</gl-cor:accountSubID><gl-cor:accountSubType nonNumericContext="s1">部門</gl-cor:accountSubType></gl-cor:accountSub></gl-cor:account><gl-cor:debitCreditCode nonNumericContext="s1">credit</gl-cor:debitCreditCode><gl-cor:amount numericContext="c1">3744310</gl-cor:amount><gl-muc:amountCurrency nonNumericContext="s1">ISO4217:JPY</gl-muc:amountCurrency><gl-cor:postingDate nonNumericContext="s1">2009-05-31</gl-cor:postingDate><gl-cor:identifierReference><gl-cor:identifierCode nonNumericContext="s1">005</gl-cor:identifierCode><gl-cor:identifierDescription nonNumericContext="s1">小藤丸㈱</gl-cor:identifierDescription><gl-cor:identifierType nonNumericContext="s1">vendor</gl-cor:identifierType></gl-cor:identifierReference><gl-cor:postingStatus nonNumericContext="s1">proposed</gl-cor:postingStatus><gl-cor:xbrlInfo><gl-cor:summaryReportingTaxonomyIDRef nonNumericContext="s1">http://www.xbrl-jp.org/taxonomy/jp/fr/common/bs/2003-08-31</gl-cor:summaryReportingTaxonomyIDRef><gl-cor:summaryReportingElement nonNumericContext="s1">NotesPayableCustomerTradeAccountsPayable</gl-cor:summaryReportingElement></gl-cor:xbrlInfo><gl-cor:detailComment nonNumericContext="s1">09年5月1日～09年5月31日分仕入</gl-cor:detailComment></gl-cor:entryDetail><gl-cor:entryDetail><gl-cor:account><gl-cor:accountMainID nonNumericContext="s1">541</gl-cor:accountMainID><gl-cor:accountMainDescription nonNumericContext="s1">商品仕入高</gl-cor:accountMainDescription><gl-cor:accountType nonNumericContext="s1">account</gl-cor:accountType><gl-cor:accountSub><gl-cor:accountSubDescription nonNumericContext="s1">大阪</gl-cor:accountSubDescription><gl-cor:accountSubID nonNumericContext="s1">040</gl-cor:accountSubID><gl-cor:accountSubType nonNumericContext="s1">部門</gl-cor:accountSubType></gl-cor:accountSub></gl-cor:account><gl-cor:debitCreditCode nonNumericContext="s1">debit</gl-cor:debitCreditCode><gl-cor:amount numericContext="c1">882048</gl-cor:amount><gl-muc:amountCurrency nonNumericContext="s1">ISO4217:JPY</gl-muc:amountCurrency><gl-cor:postingDate nonNumericContext="s1">2009-05-31</gl-cor:postingDate><gl-cor:postingStatus nonNumericContext="s1">proposed</gl-cor:postingStatus><gl-cor:xbrlInfo><gl-cor:summaryReportingTaxonomyIDRef nonNumericContext="s1">http://www.xbrl-jp.org/taxonomy/jp/fr/common/pl/2003-08-31</gl-cor:summaryReportingTaxonomyIDRef><gl-cor:summaryReportingElement nonNumericContext="s1">CostMerchandisePurchaseMerchandiseGross</gl-cor:summaryReportingElement></gl-cor:xbrlInfo><gl-cor:detailComment nonNumericContext="s1">09年5月1日～09年5月31日分仕入</gl-cor:detailComment></gl-cor:entryDetail><gl-cor:entryDetail><gl-cor:account><gl-cor:accountMainID nonNumericContext="s1">191</gl-cor:accountMainID><gl-cor:accountMainDescription nonNumericContext="s1">仮払消費税等</gl-cor:accountMainDescription><gl-cor:accountType nonNumericContext="s1">account</gl-cor:accountType><gl-cor:accountSub><gl-cor:accountSubDescription nonNumericContext="s1">大阪</gl-cor:accountSubDescription><gl-cor:accountSubID nonNumericContext="s1">040</gl-cor:accountSubID><gl-cor:accountSubType nonNumericContext="s1">部門</gl-cor:accountSubType></gl-cor:accountSub></gl-cor:account><gl-cor:debitCreditCode nonNumericContext="s1">debit</gl-cor:debitCreditCode><gl-cor:amount numericContext="c1">44085</gl-cor:amount><gl-muc:amountCurrency nonNumericContext="s1">ISO4217:JPY</gl-muc:amountCurrency><gl-cor:postingDate nonNumericContext="s1">2009-05-31</gl-cor:postingDate><gl-cor:postingStatus nonNumericContext="s1">tax</gl-cor:postingStatus><gl-cor:xbrlInfo><gl-cor:summaryReportingTaxonomyIDRef nonNumericContext="s1">http://www.xbrl-jp.org/taxonomy/jp/fr/ta/bs/2003-08-31</gl-cor:summaryReportingTaxonomyIDRef><gl-cor:summaryReportingElement nonNumericContext="s1">SuspenseAccountPaymentConsumptionTaxes</gl-cor:summaryReportingElement></gl-cor:xbrlInfo></gl-cor:entryDetail><gl-cor:entryDetail><gl-cor:account><gl-cor:accountMainID nonNumericContext="s1">312</gl-cor:accountMainID><gl-cor:accountMainDescription nonNumericContext="s1">買掛金</gl-cor:accountMainDescription><gl-cor:accountType nonNumericContext="s1">account</gl-cor:accountType><gl-cor:accountSub><gl-cor:accountSubDescription nonNumericContext="s1">共通部門</gl-cor:accountSubDescription><gl-cor:accountSubID nonNumericContext="s1">000</gl-cor:accountSubID><gl-cor:accountSubType nonNumericContext="s1">部門</gl-cor:accountSubType></gl-cor:accountSub></gl-cor:account><gl-cor:debitCreditCode nonNumericContext="s1">credit</gl-cor:debitCreditCode><gl-cor:amount numericContext="c1">926133</gl-cor:amount><gl-muc:amountCurrency nonNumericContext="s1">ISO4217:JPY</gl-muc:amountCurrency><gl-cor:postingDate nonNumericContext="s1">2009-05-31</gl-cor:postingDate><gl-cor:identifierReference><gl-cor:identifierCode nonNumericContext="s1">004</gl-cor:identifierCode><gl-cor:identifierDescription nonNumericContext="s1">㈱ｱﾀｯﾁ</gl-cor:identifierDescription><gl-cor:identifierType nonNumericContext="s1">vendor</gl-cor:identifierType></gl-cor:identifierReference><gl-cor:postingStatus nonNumericContext="s1">proposed</gl-cor:postingStatus><gl-cor:xbrlInfo><gl-cor:summaryReportingTaxonomyIDRef nonNumericContext="s1">http://www.xbrl-jp.org/taxonomy/jp/fr/common/bs/2003-08-31</gl-cor:summaryReportingTaxonomyIDRef><gl-cor:summaryReportingElement nonNumericContext="s1">NotesPayableCustomerTradeAccountsPayable</gl-cor:summaryReportingElement></gl-cor:xbrlInfo><gl-cor:detailComment nonNumericContext="s1">09年5月1日～09年5月31日分仕入</gl-cor:detailComment></gl-cor:entryDetail><gl-cor:entryDetail><gl-cor:account><gl-cor:accountMainID nonNumericContext="s1">541</gl-cor:accountMainID><gl-cor:accountMainDescription nonNumericContext="s1">商品仕入高</gl-cor:accountMainDescription><gl-cor:accountType nonNumericContext="s1">account</gl-cor:accountType><gl-cor:accountSub><gl-cor:accountSubDescription nonNumericContext="s1">大阪</gl-cor:accountSubDescription><gl-cor:accountSubID nonNumericContext="s1">040</gl-cor:accountSubID><gl-cor:accountSubType nonNumericContext="s1">部門</gl-cor:accountSubType></gl-cor:accountSub></gl-cor:account><gl-cor:debitCreditCode nonNumericContext="s1">debit</gl-cor:debitCreditCode><gl-cor:amount numericContext="c1">161280</gl-cor:amount><gl-muc:amountCurrency nonNumericContext="s1">ISO4217:JPY</gl-muc:amountCurrency><gl-cor:postingDate nonNumericContext="s1">2009-05-31</gl-cor:postingDate><gl-cor:postingStatus nonNumericContext="s1">proposed</gl-cor:postingStatus><gl-cor:xbrlInfo><gl-cor:summaryReportingTaxonomyIDRef nonNumericContext="s1">http://www.xbrl-jp.org/taxonomy/jp/fr/common/pl/2003-08-31</gl-cor:summaryReportingTaxonomyIDRef><gl-cor:summaryReportingElement nonNumericContext="s1">CostMerchandisePurchaseMerchandiseGross</gl-cor:summaryReportingElement></gl-cor:xbrlInfo><gl-cor:detailComment nonNumericContext="s1">09年5月1日～09年5月31日分仕入</gl-cor:detailComment></gl-cor:entryDetail><gl-cor:entryDetail><gl-cor:account><gl-cor:accountMainID nonNumericContext="s1">191</gl-cor:accountMainID><gl-cor:accountMainDescription nonNumericContext="s1">仮払消費税等</gl-cor:accountMainDescription><gl-cor:accountType nonNumericContext="s1">account</gl-cor:accountType><gl-cor:accountSub><gl-cor:accountSubDescription nonNumericContext="s1">大阪</gl-cor:accountSubDescription><gl-cor:accountSubID nonNumericContext="s1">040</gl-cor:accountSubID><gl-cor:accountSubType nonNumericContext="s1">部門</gl-cor:accountSubType></gl-cor:accountSub></gl-cor:account><gl-cor:debitCreditCode nonNumericContext="s1">debit</gl-cor:debitCreditCode><gl-cor:amount numericContext="c1">8064</gl-cor:amount><gl-muc:amountCurrency nonNumericContext="s1">ISO4217:JPY</gl-muc:amountCurrency><gl-cor:postingDate nonNumericContext="s1">2009-05-31</gl-cor:postingDate><gl-cor:postingStatus nonNumericContext="s1">tax</gl-cor:postingStatus><gl-cor:xbrlInfo><gl-cor:summaryReportingTaxonomyIDRef nonNumericContext="s1">http://www.xbrl-jp.org/taxonomy/jp/fr/ta/bs/2003-08-31</gl-cor:summaryReportingTaxonomyIDRef><gl-cor:summaryReportingElement nonNumericContext="s1">SuspenseAccountPaymentConsumptionTaxes</gl-cor:summaryReportingElement></gl-cor:xbrlInfo></gl-cor:entryDetail><gl-cor:entryDetail><gl-cor:account><gl-cor:accountMainID nonNumericContext="s1">312</gl-cor:accountMainID><gl-cor:accountMainDescription nonNumericContext="s1">買掛金</gl-cor:accountMainDescription><gl-cor:accountType nonNumericContext="s1">account</gl-cor:accountType><gl-cor:accountSub><gl-cor:accountSubDescription nonNumericContext="s1">共通部門</gl-cor:accountSubDescription><gl-cor:accountSubID nonNumericContext="s1">000</gl-cor:accountSubID><gl-cor:accountSubType nonNumericContext="s1">部門</gl-cor:accountSubType></gl-cor:accountSub></gl-cor:account><gl-cor:debitCreditCode nonNumericContext="s1">credit</gl-cor:debitCreditCode><gl-cor:amount numericContext="c1">169344</gl-cor:amount><gl-muc:amountCurrency nonNumericContext="s1">ISO4217:JPY</gl-muc:amountCurrency><gl-cor:postingDate nonNumericContext="s1">2009-05-31</gl-cor:postingDate><gl-cor:identifierReference><gl-cor:identifierCode nonNumericContext="s1">008</gl-cor:identifierCode><gl-cor:identifierDescription nonNumericContext="s1">㈱山下</gl-cor:identifierDescription><gl-cor:identifierType nonNumericContext="s1">vendor</gl-cor:identifierType></gl-cor:identifierReference><gl-cor:postingStatus nonNumericContext="s1">proposed</gl-cor:postingStatus><gl-cor:xbrlInfo><gl-cor:summaryReportingTaxonomyIDRef nonNumericContext="s1">http://www.xbrl-jp.org/taxonomy/jp/fr/common/bs/2003-08-31</gl-cor:summaryReportingTaxonomyIDRef><gl-cor:summaryReportingElement nonNumericContext="s1">NotesPayableCustomerTradeAccountsPayable</gl-cor:summaryReportingElement></gl-cor:xbrlInfo><gl-cor:detailComment nonNumericContext="s1">09年5月1日～09年5月31日分仕入</gl-cor:detailComment></gl-cor:entryDetail><gl-cor:entryDetail><gl-cor:account><gl-cor:accountMainID nonNumericContext="s1">551</gl-cor:accountMainID><gl-cor:accountMainDescription nonNumericContext="s1">仕入値引戻し高</gl-cor:accountMainDescription><gl-cor:accountType nonNumericContext="s1">account</gl-cor:accountType><gl-cor:accountSub><gl-cor:accountSubDescription nonNumericContext="s1">大阪</gl-cor:accountSubDescription><gl-cor:accountSubID nonNumericContext="s1">040</gl-cor:accountSubID><gl-cor:accountSubType nonNumericContext="s1">部門</gl-cor:accountSubType></gl-cor:accountSub></gl-cor:account><gl-cor:debitCreditCode nonNumericContext="s1">debit</gl-cor:debitCreditCode><gl-cor:amount numericContext="c1">53376</gl-cor:amount><gl-muc:amountCurrency nonNumericContext="s1">ISO4217:JPY</gl-muc:amountCurrency><gl-cor:postingDate nonNumericContext="s1">2009-05-31</gl-cor:postingDate><gl-cor:postingStatus nonNumericContext="s1">proposed</gl-cor:postingStatus><gl-cor:xbrlInfo><gl-cor:summaryReportingTaxonomyIDRef nonNumericContext="s1">http://www.xbrl-jp.org/taxonomy/jp/fr/common/pl/2003-08-31</gl-cor:summaryReportingTaxonomyIDRef><gl-cor:summaryReportingElement nonNumericContext="s1">CostMerchandisePurchaseMerchandiseReturnsAllowances</gl-cor:summaryReportingElement></gl-cor:xbrlInfo><gl-cor:detailComment nonNumericContext="s1">09年5月1日～09年5月31日分仕入</gl-cor:detailComment></gl-cor:entryDetail><gl-cor:entryDetail><gl-cor:account><gl-cor:accountMainID nonNumericContext="s1">191</gl-cor:accountMainID><gl-cor:accountMainDescription nonNumericContext="s1">仮払消費税等</gl-cor:accountMainDescription><gl-cor:accountType nonNumericContext="s1">account</gl-cor:accountType><gl-cor:accountSub><gl-cor:accountSubDescription nonNumericContext="s1">大阪</gl-cor:accountSubDescription><gl-cor:accountSubID nonNumericContext="s1">040</gl-cor:accountSubID><gl-cor:accountSubType nonNumericContext="s1">部門</gl-cor:accountSubType></gl-cor:accountSub></gl-cor:account><gl-cor:debitCreditCode nonNumericContext="s1">debit</gl-cor:debitCreditCode><gl-cor:amount numericContext="c1">2668</gl-cor:amount><gl-muc:amountCurrency nonNumericContext="s1">ISO4217:JPY</gl-muc:amountCurrency><gl-cor:postingDate nonNumericContext="s1">2009-05-31</gl-cor:postingDate><gl-cor:postingStatus nonNumericContext="s1">tax</gl-cor:postingStatus><gl-cor:xbrlInfo><gl-cor:summaryReportingTaxonomyIDRef nonNumericContext="s1">http://www.xbrl-jp.org/taxonomy/jp/fr/ta/bs/2003-08-31</gl-cor:summaryReportingTaxonomyIDRef><gl-cor:summaryReportingElement nonNumericContext="s1">SuspenseAccountPaymentConsumptionTaxes</gl-cor:summaryReportingElement></gl-cor:xbrlInfo></gl-cor:entryDetail><gl-cor:entryDetail><gl-cor:account><gl-cor:accountMainID nonNumericContext="s1">312</gl-cor:accountMainID><gl-cor:accountMainDescription nonNumericContext="s1">買掛金</gl-cor:accountMainDescription><gl-cor:accountType nonNumericContext="s1">account</gl-cor:accountType><gl-cor:accountSub><gl-cor:accountSubDescription nonNumericContext="s1">共通部門</gl-cor:accountSubDescription><gl-cor:accountSubID nonNumericContext="s1">000</gl-cor:accountSubID><gl-cor:accountSubType nonNumericContext="s1">部門</gl-cor:accountSubType></gl-cor:accountSub></gl-cor:account><gl-cor:debitCreditCode nonNumericContext="s1">credit</gl-cor:debitCreditCode><gl-cor:amount numericContext="c1">56044</gl-cor:amount><gl-muc:amountCurrency nonNumericContext="s1">ISO4217:JPY</gl-muc:amountCurrency><gl-cor:postingDate nonNumericContext="s1">2009-05-31</gl-cor:postingDate><gl-cor:identifierReference><gl-cor:identifierCode nonNumericContext="s1">010</gl-cor:identifierCode><gl-cor:identifierDescription nonNumericContext="s1">鈴木販売㈱</gl-cor:identifierDescription><gl-cor:identifierType nonNumericContext="s1">vendor</gl-cor:identifierType></gl-cor:identifierReference><gl-cor:postingStatus nonNumericContext="s1">proposed</gl-cor:postingStatus><gl-cor:xbrlInfo><gl-cor:summaryReportingTaxonomyIDRef nonNumericContext="s1">http://www.xbrl-jp.org/taxonomy/jp/fr/common/bs/2003-08-31</gl-cor:summaryReportingTaxonomyIDRef><gl-cor:summaryReportingElement nonNumericContext="s1">NotesPayableCustomerTradeAccountsPayable</gl-cor:summaryReportingElement></gl-cor:xbrlInfo><gl-cor:detailComment nonNumericContext="s1">09年5月1日～09年5月31日分仕入</gl-cor:detailComment></gl-cor:entryDetail><gl-cor:entryDetail><gl-cor:account><gl-cor:accountMainID nonNumericContext="s1">541</gl-cor:accountMainID><gl-cor:accountMainDescription nonNumericContext="s1">商品仕入高</gl-cor:accountMainDescription><gl-cor:accountType nonNumericContext="s1">account</gl-cor:accountType><gl-cor:accountSub><gl-cor:accountSubDescription nonNumericContext="s1">大阪</gl-cor:accountSubDescription><gl-cor:accountSubID nonNumericContext="s1">040</gl-cor:accountSubID><gl-cor:accountSubType nonNumericContext="s1">部門</gl-cor:accountSubType></gl-cor:accountSub></gl-cor:account><gl-cor:debitCreditCode nonNumericContext="s1">debit</gl-cor:debitCreditCode><gl-cor:amount numericContext="c1">270144</gl-cor:amount><gl-muc:amountCurrency nonNumericContext="s1">ISO4217:JPY</gl-muc:amountCurrency><gl-cor:postingDate nonNumericContext="s1">2009-05-31</gl-cor:postingDate><gl-cor:postingStatus nonNumericContext="s1">proposed</gl-cor:postingStatus><gl-cor:xbrlInfo><gl-cor:summaryReportingTaxonomyIDRef nonNumericContext="s1">http://www.xbrl-jp.org/taxonomy/jp/fr/common/pl/2003-08-31</gl-cor:summaryReportingTaxonomyIDRef><gl-cor:summaryReportingElement nonNumericContext="s1">CostMerchandisePurchaseMerchandiseGross</gl-cor:summaryReportingElement></gl-cor:xbrlInfo><gl-cor:detailComment nonNumericContext="s1">09年5月1日～09年5月31日分仕入</gl-cor:detailComment></gl-cor:entryDetail><gl-cor:entryDetail><gl-cor:account><gl-cor:accountMainID nonNumericContext="s1">191</gl-cor:accountMainID><gl-cor:accountMainDescription nonNumericContext="s1">仮払消費税等</gl-cor:accountMainDescription><gl-cor:accountType nonNumericContext="s1">account</gl-cor:accountType><gl-cor:accountSub><gl-cor:accountSubDescription nonNumericContext="s1">大阪</gl-cor:accountSubDescription><gl-cor:accountSubID nonNumericContext="s1">040</gl-cor:accountSubID><gl-cor:accountSubType nonNumericContext="s1">部門</gl-cor:accountSubType></gl-cor:accountSub></gl-cor:account><gl-cor:debitCreditCode nonNumericContext="s1">debit</gl-cor:debitCreditCode><gl-cor:amount numericContext="c1">13504</gl-cor:amount><gl-muc:amountCurrency nonNumericContext="s1">ISO4217:JPY</gl-muc:amountCurrency><gl-cor:postingDate nonNumericContext="s1">2009-05-31</gl-cor:postingDate><gl-cor:postingStatus nonNumericContext="s1">tax</gl-cor:postingStatus><gl-cor:xbrlInfo><gl-cor:summaryReportingTaxonomyIDRef nonNumericContext="s1">http://www.xbrl-jp.org/taxonomy/jp/fr/ta/bs/2003-08-31</gl-cor:summaryReportingTaxonomyIDRef><gl-cor:summaryReportingElement nonNumericContext="s1">SuspenseAccountPaymentConsumptionTaxes</gl-cor:summaryReportingElement></gl-cor:xbrlInfo></gl-cor:entryDetail><gl-cor:entryDetail><gl-cor:account><gl-cor:accountMainID nonNumericContext="s1">312</gl-cor:accountMainID><gl-cor:accountMainDescription nonNumericContext="s1">買掛金</gl-cor:accountMainDescription><gl-cor:accountType nonNumericContext="s1">account</gl-cor:accountType><gl-cor:accountSub><gl-cor:accountSubDescription nonNumericContext="s1">共通部門</gl-cor:accountSubDescription><gl-cor:accountSubID nonNumericContext="s1">000</gl-cor:accountSubID><gl-cor:accountSubType nonNumericContext="s1">部門</gl-cor:accountSubType></gl-cor:accountSub></gl-cor:account><gl-cor:debitCreditCode nonNumericContext="s1">credit</gl-cor:debitCreditCode><gl-cor:amount numericContext="c1">283648</gl-cor:amount><gl-muc:amountCurrency nonNumericContext="s1">ISO4217:JPY</gl-muc:amountCurrency><gl-cor:postingDate nonNumericContext="s1">2009-05-31</gl-cor:postingDate><gl-cor:identifierReference><gl-cor:identifierCode nonNumericContext="s1">002</gl-cor:identifierCode><gl-cor:identifierDescription nonNumericContext="s1">㈱Pole</gl-cor:identifierDescription><gl-cor:identifierType nonNumericContext="s1">vendor</gl-cor:identifierType></gl-cor:identifierReference><gl-cor:postingStatus nonNumericContext="s1">proposed</gl-cor:postingStatus><gl-cor:xbrlInfo><gl-cor:summaryReportingTaxonomyIDRef nonNumericContext="s1">http://www.xbrl-jp.org/taxonomy/jp/fr/common/bs/2003-08-31</gl-cor:summaryReportingTaxonomyIDRef><gl-cor:summaryReportingElement nonNumericContext="s1">NotesPayableCustomerTradeAccountsPayable</gl-cor:summaryReportingElement></gl-cor:xbrlInfo><gl-cor:detailComment nonNumericContext="s1">09年5月1日～09年5月31日分仕入</gl-cor:detailComment></gl-cor:entryDetail><gl-cor:entryDetail><gl-cor:account><gl-cor:accountMainID nonNumericContext="s1">551</gl-cor:accountMainID><gl-cor:accountMainDescription nonNumericContext="s1">仕入値引戻し高</gl-cor:accountMainDescription><gl-cor:accountType nonNumericContext="s1">account</gl-cor:accountType><gl-cor:accountSub><gl-cor:accountSubDescription nonNumericContext="s1">大阪</gl-cor:accountSubDescription><gl-cor:accountSubID nonNumericContext="s1">040</gl-cor:accountSubID><gl-cor:accountSubType nonNumericContext="s1">部門</gl-cor:accountSubType></gl-cor:accountSub></gl-cor:account><gl-cor:debitCreditCode nonNumericContext="s1">debit</gl-cor:debitCreditCode><gl-cor:amount numericContext="c1">21120</gl-cor:amount><gl-muc:amountCurrency nonNumericContext="s1">ISO4217:JPY</gl-muc:amountCurrency><gl-cor:postingDate nonNumericContext="s1">2009-05-31</gl-cor:postingDate><gl-cor:postingStatus nonNumericContext="s1">proposed</gl-cor:postingStatus><gl-cor:xbrlInfo><gl-cor:summaryReportingTaxonomyIDRef nonNumericContext="s1">http://www.xbrl-jp.org/taxonomy/jp/fr/common/pl/2003-08-31</gl-cor:summaryReportingTaxonomyIDRef><gl-cor:summaryReportingElement nonNumericContext="s1">CostMerchandisePurchaseMerchandiseReturnsAllowances</gl-cor:summaryReportingElement></gl-cor:xbrlInfo><gl-cor:detailComment nonNumericContext="s1">09年5月1日～09年5月31日分仕入</gl-cor:detailComment></gl-cor:entryDetail><gl-cor:entryDetail><gl-cor:account><gl-cor:accountMainID nonNumericContext="s1">191</gl-cor:accountMainID><gl-cor:accountMainDescription nonNumericContext="s1">仮払消費税等</gl-cor:accountMainDescription><gl-cor:accountType nonNumericContext="s1">account</gl-cor:accountType><gl-cor:accountSub><gl-cor:accountSubDescription nonNumericContext="s1">大阪</gl-cor:accountSubDescription><gl-cor:accountSubID nonNumericContext="s1">040</gl-cor:accountSubID><gl-cor:accountSubType nonNumericContext="s1">部門</gl-cor:accountSubType></gl-cor:accountSub></gl-cor:account><gl-cor:debitCreditCode nonNumericContext="s1">debit</gl-cor:debitCreditCode><gl-cor:amount numericContext="c1">1056</gl-cor:amount><gl-muc:amountCurrency nonNumericContext="s1">ISO4217:JPY</gl-muc:amountCurrency><gl-cor:postingDate nonNumericContext="s1">2009-05-31</gl-cor:postingDate><gl-cor:postingStatus nonNumericContext="s1">tax</gl-cor:postingStatus><gl-cor:xbrlInfo><gl-cor:summaryReportingTaxonomyIDRef nonNumericContext="s1">http://www.xbrl-jp.org/taxonomy/jp/fr/ta/bs/2003-08-31</gl-cor:summaryReportingTaxonomyIDRef><gl-cor:summaryReportingElement nonNumericContext="s1">SuspenseAccountPaymentConsumptionTaxes</gl-cor:summaryReportingElement></gl-cor:xbrlInfo></gl-cor:entryDetail><gl-cor:entryDetail><gl-cor:account><gl-cor:accountMainID nonNumericContext="s1">312</gl-cor:accountMainID><gl-cor:accountMainDescription nonNumericContext="s1">買掛金</gl-cor:accountMainDescription><gl-cor:accountType nonNumericContext="s1">account</gl-cor:accountType><gl-cor:accountSub><gl-cor:accountSubDescription nonNumericContext="s1">共通部門</gl-cor:accountSubDescription><gl-cor:accountSubID nonNumericContext="s1">000</gl-cor:accountSubID><gl-cor:accountSubType nonNumericContext="s1">部門</gl-cor:accountSubType></gl-cor:accountSub></gl-cor:account><gl-cor:debitCreditCode nonNumericContext="s1">credit</gl-cor:debitCreditCode><gl-cor:amount numericContext="c1">22176</gl-cor:amount><gl-muc:amountCurrency nonNumericContext="s1">ISO4217:JPY</gl-muc:amountCurrency><gl-cor:postingDate nonNumericContext="s1">2009-05-31</gl-cor:postingDate><gl-cor:identifierReference><gl-cor:identifierCode nonNumericContext="s1">005</gl-cor:identifierCode><gl-cor:identifierDescription nonNumericContext="s1">小藤丸㈱</gl-cor:identifierDescription><gl-cor:identifierType nonNumericContext="s1">vendor</gl-cor:identifierType></gl-cor:identifierReference><gl-cor:postingStatus nonNumericContext="s1">proposed</gl-cor:postingStatus><gl-cor:xbrlInfo><gl-cor:summaryReportingTaxonomyIDRef nonNumericContext="s1">http://www.xbrl-jp.org/taxonomy/jp/fr/common/bs/2003-08-31</gl-cor:summaryReportingTaxonomyIDRef><gl-cor:summaryReportingElement nonNumericContext="s1">NotesPayableCustomerTradeAccountsPayable</gl-cor:summaryReportingElement></gl-cor:xbrlInfo><gl-cor:detailComment nonNumericContext="s1">09年5月1日～09年5月31日分仕入</gl-cor:detailComment></gl-cor:entryDetail></gl-cor:entryHeader></gl-cor:accountingEntries><xbrli:numericContext id="c1" cwa="false" precision="11"><xbrli:entity><xbrli:identifier scheme="">0001</xbrli:identifier></xbrli:entity><xbrli:period /><xbrli:unit><xbrli:measure>ISO4217:JPY</xbrli:measure></xbrli:unit></xbrli:numericContext><xbrli:nonNumericContext id="s1"><xbrli:entity><xbrli:identifier scheme="">0001</xbrli:identifier></xbrli:entity><xbrli:period /></xbrli:nonNumericContext></xbrli:xbrl>