<?xml version='1.0' encoding='utf-8'?>
<xbrli:xbrl xmlns:xbrli="http://www.xbrl.org/2003/instance"
    xmlns:xbrll="http://www.xbrl.org/2003/linkbase"
    xmlns:xlink="http://www.w3.org/1999/xlink"
    xmlns:xsi="http://www.w3.org/2001/XMLSchema-instance"
    xmlns:gl-cor="http://www.xbrl.org/int/gl/cor/2015-03-25"
    xmlns:gl-muc="http://www.xbrl.org/int/gl/muc/2015-03-25"
    xmlns:gl-bus="http://www.xbrl.org/int/gl/bus/2015-03-25"
    xmlns:gl-plt="http://www.xbrl.org/int/gl/plt/2015-03-25"
    xmlns:iso4217="http://www.xbrl.org/2003/iso4217"
    xmlns:iso639="http://www.xbrl.org/2005/iso639" xsi:schemaLocation="http://www.xbrl.org/int/gl/plt/2015-03-25 http://www.xbrl.org/taxonomy/int/gl/2015-03-25/plt/case-c-b-m-u-t-s/gl-plt-all-2015-03-25.xsd">
    <xbrll:schemaRef xlink:type="simple" xlink:arcrole="http://www.w3.org/1999/xlink/properties/linkbase" xlink:href="http://www.xbrl.org/taxonomy/int/gl/2015-03-25/plt/case-c-b-m-u-t-s/gl-plt-all-2015-03-25.xsd"/>
    <!--  Contexts, mandatory according to the XBRL 2.1, Specification, are not meant to describe the information in XBRL GL and appear only by convention. All facts are instant and developers are encouraged to duplicate/provide the date the XBRL GL information is created as the period's date.  -->
    <xbrli:context id="now">
        <xbrli:entity>
            <xbrli:identifier scheme="http://www.xbrl.org/xbrlgl/sample">SAMPLE</xbrli:identifier>
        </xbrli:entity>
        <!--  The XBRL GL WG recommends using the file creation data as the period.  -->
        <xbrli:period>
            <xbrli:instant>2004-10-03</xbrli:instant>
        </xbrli:period>
    </xbrli:context>
    <!--  Units of measure in XBRL GL are handled within the measurable or multicurrency elements. Units are provided by convention and should not be relied upon in interpreting XBRL GL data.  -->
    <xbrli:unit id="usd">
        <xbrli:measure>iso4217:USD</xbrli:measure>
    </xbrli:unit>
    <xbrli:unit id="NotUsed">
        <xbrli:measure>pure</xbrli:measure>
    </xbrli:unit>
    <gl-cor:accountingEntries>
        <gl-cor:documentInfo>
            <gl-cor:entriesType contextRef="now">entries</gl-cor:entriesType>
            <gl-cor:uniqueID contextRef="now">1-463</gl-cor:uniqueID>
            <gl-bus:sourceApplication contextRef="now">PCA会計９V.2-仕訳ﾃﾞｰﾀの受入</gl-bus:sourceApplication>
            <gl-cor:language contextRef="now">iso693:ja</gl-cor:language>
            <gl-cor:creationDate contextRef="now">2012-12-26T17:37:58</gl-cor:creationDate>
            <gl-bus:creator contextRef="now">pca</gl-bus:creator>
        </gl-cor:documentInfo>
        <gl-cor:entityInformation>
            <gl-bus:organizationIdentifiers>
                <gl-bus:organizationIdentifier contextRef="now">0001</gl-bus:organizationIdentifier>
                <gl-bus:organizationDescription contextRef="now">株式会社PCA商事</gl-bus:organizationDescription>
            </gl-bus:organizationIdentifiers>
            <gl-bus:entityPhoneNumber>
                <gl-bus:phoneNumberDescription contextRef="now">main</gl-bus:phoneNumberDescription>
                <gl-bus:phoneNumber contextRef="now">03-1111-1111</gl-bus:phoneNumber>
            </gl-bus:entityPhoneNumber>
            <gl-bus:entityPhoneNumber>
                <gl-bus:phoneNumberDescription contextRef="now">fax</gl-bus:phoneNumberDescription>
                <gl-bus:phoneNumber contextRef="now">03-2222-2222</gl-bus:phoneNumber>
            </gl-bus:entityPhoneNumber>
            <gl-bus:organizationAddress>
                <gl-bus:organizationAddressName contextRef="now">株式会社PCA商事</gl-bus:organizationAddressName>
                <gl-bus:organizationAddressStreet contextRef="now">東京都千代田区富士見1-2-21</gl-bus:organizationAddressStreet>
                <gl-bus:organizationAddressZipOrPostalCode contextRef="now">102-8171</gl-bus:organizationAddressZipOrPostalCode>
                <gl-bus:organizationAddressCountry contextRef="now">Japan</gl-bus:organizationAddressCountry>
            </gl-bus:organizationAddress>
        </gl-cor:entityInformation>
        <gl-cor:entryHeader>
            <gl-cor:enteredDate contextRef="now">2008-08-19</gl-cor:enteredDate>
            <gl-bus:entryOrigin contextRef="now">manual entry</gl-bus:entryOrigin>
            <gl-cor:sourceJournalID contextRef="now">gj</gl-cor:sourceJournalID>
            <gl-bus:sourceJournalDescription contextRef="now">General Journal</gl-bus:sourceJournalDescription>
            <gl-cor:entryNumber contextRef="now">18</gl-cor:entryNumber>
            <gl-cor:entryType contextRef="now">standard</gl-cor:entryType>
            <gl-cor:entryDetail>
                <gl-cor:account>
                    <gl-cor:accountMainID contextRef="now">726</gl-cor:accountMainID>
                    <gl-cor:accountMainDescription contextRef="now">旅費交通費</gl-cor:accountMainDescription>
                    <gl-cor:accountType contextRef="now">account</gl-cor:accountType>
                    <gl-cor:accountSub>
                        <gl-cor:accountSubDescription contextRef="now">札幌</gl-cor:accountSubDescription>
                        <gl-cor:accountSubID contextRef="now">010</gl-cor:accountSubID>
                        <gl-cor:accountSubType contextRef="now">部門</gl-cor:accountSubType>
                    </gl-cor:accountSub>
                </gl-cor:account>
                <gl-cor:debitCreditCode contextRef="now">debit</gl-cor:debitCreditCode>
                <gl-cor:amount contextRef="now">18572</gl-cor:amount>
                <gl-muc:amountCurrency contextRef="now">iso4217:JPY</gl-muc:amountCurrency>
                <gl-cor:postingDate contextRef="now">2009-04-01</gl-cor:postingDate>
                <gl-cor:postingStatus contextRef="now">proposed</gl-cor:postingStatus>
                <gl-cor:xbrlInfo>
                    <gl-cor:summaryReportingTaxonomyIDRef contextRef="now">http://www.xbrl-jp.org/taxonomy/jp/fr/common/pl/2003-08-31</gl-cor:summaryReportingTaxonomyIDRef>
                    <gl-cor:summaryReportingElement contextRef="now">TravelingExpense</gl-cor:summaryReportingElement>
                </gl-cor:xbrlInfo>
                <gl-cor:detailComment contextRef="now">旅費</gl-cor:detailComment>
            </gl-cor:entryDetail>
            <gl-cor:entryDetail>
                <gl-cor:account>
                    <gl-cor:accountMainID contextRef="now">191</gl-cor:accountMainID>
                    <gl-cor:accountMainDescription contextRef="now">仮払消費税等</gl-cor:accountMainDescription>
                    <gl-cor:accountType contextRef="now">account</gl-cor:accountType>
                    <gl-cor:accountSub>
                        <gl-cor:accountSubDescription contextRef="now">札幌</gl-cor:accountSubDescription>
                        <gl-cor:accountSubID contextRef="now">010</gl-cor:accountSubID>
                        <gl-cor:accountSubType contextRef="now">部門</gl-cor:accountSubType>
                    </gl-cor:accountSub>
                </gl-cor:account>
                <gl-cor:debitCreditCode contextRef="now">debit</gl-cor:debitCreditCode>
                <gl-cor:amount contextRef="now">928</gl-cor:amount>
                <gl-muc:amountCurrency contextRef="now">iso4217:JPY</gl-muc:amountCurrency>
                <gl-cor:postingDate contextRef="now">2009-04-01</gl-cor:postingDate>
                <gl-cor:postingStatus contextRef="now">tax</gl-cor:postingStatus>
                <gl-cor:xbrlInfo>
                    <gl-cor:summaryReportingTaxonomyIDRef contextRef="now">http://www.xbrl-jp.org/taxonomy/jp/fr/ta/bs/2003-08-31</gl-cor:summaryReportingTaxonomyIDRef>
                    <gl-cor:summaryReportingElement contextRef="now">SuspenseAccountPaymentConsumptionTaxes</gl-cor:summaryReportingElement>
                </gl-cor:xbrlInfo>
            </gl-cor:entryDetail>
            <gl-cor:entryDetail>
                <gl-cor:account>
                    <gl-cor:accountMainID contextRef="now">111</gl-cor:accountMainID>
                    <gl-cor:accountMainDescription contextRef="now">現金</gl-cor:accountMainDescription>
                    <gl-cor:accountType contextRef="now">account</gl-cor:accountType>
                    <gl-cor:accountSub>
                        <gl-cor:accountSubDescription contextRef="now">共通部門</gl-cor:accountSubDescription>
                        <gl-cor:accountSubID contextRef="now">000</gl-cor:accountSubID>
                        <gl-cor:accountSubType contextRef="now">部門</gl-cor:accountSubType>
                    </gl-cor:accountSub>
                </gl-cor:account>
                <gl-cor:debitCreditCode contextRef="now">credit</gl-cor:debitCreditCode>
                <gl-cor:amount contextRef="now">19500</gl-cor:amount>
                <gl-muc:amountCurrency contextRef="now">iso4217:JPY</gl-muc:amountCurrency>
                <gl-cor:postingDate contextRef="now">2009-04-01</gl-cor:postingDate>
                <gl-cor:postingStatus contextRef="now">proposed</gl-cor:postingStatus>
                <gl-cor:xbrlInfo>
                    <gl-cor:summaryReportingTaxonomyIDRef contextRef="now">http://www.xbrl-jp.org/taxonomy/jp/fr/ta/bs/2003-08-31</gl-cor:summaryReportingTaxonomyIDRef>
                    <gl-cor:summaryReportingElement contextRef="now">CashHand</gl-cor:summaryReportingElement>
                </gl-cor:xbrlInfo>
                <gl-cor:detailComment contextRef="now">旅費</gl-cor:detailComment>
            </gl-cor:entryDetail>
        </gl-cor:entryHeader>
    </gl-cor:accountingEntries>

    <!--    <xbrli:contextRef id="now" cwa="false" precision="11">
        <xbrli:entity>
            <xbrli:identifier scheme="">0001</xbrli:identifier>
        </xbrli:entity>
        <xbrli:period />
        <xbrli:unit>
            <xbrli:measure>iso4217:JPY</xbrli:measure>
        </xbrli:unit>
    </xbrli:contextRef>
    <xbrli:contextRef id="now">
        <xbrli:entity>
            <xbrli:identifier scheme="">0001</xbrli:identifier>
        </xbrli:entity>
        <xbrli:period />
    </xbrli:contextRef>-->
</xbrli:xbrl>